3156 5096
822 483 873 560 58

299 727 356 777 nus
373 717 435 793 jana
456 707 622 776 rectissime
644 711 800 794 observat,
822 711 944 776 serbum
967 730 1034 777 esse
1051 715 1236 791 evangelium
1254 715 1393 799 audibile,

298 852 519 910 sacramentum
546 850 645 909 autcnr
671 844 797 910 visibile.
854 847 938 911 Unici
964 849 1036 927 viri,
1080 849 1165 926 cujus
1192 847 1270 913 dicta
1301 852 1394 916 altam

298 995 418 1059 semper
438 983 568 1042 mentem
589 978 733 1058 produnt,
763 979 965 1043 scrutantibus
984 981 1111 1056 vestigia
1134 981 1324 1044 manifestum
1346 987 1395 1046 est

298 1117 520 1176 sacramentum
550 1127 618 1175 esse
645 1112 808 1172 actionem
830 1111 958 1175 diuinam
986 1109 1148 1173 adibilem
1177 1116 1208 1174 et
1234 1118 1394 1192 propterea
1443 1168 1446 1172 .

298 1249 399 1324 aptam
418 1261 476 1308 non
497 1243 592 1308 solum
615 1245 652 1308 ad
674 1244 871 1307 universalem
899 1243 953 1307 sed
980 1246 1069 1306 etlam
1097 1243 1135 1305 ad
1165 1244 1393 1320 singularem

297 1375 518 1439 exhibitionem.
547 1377 605 1438 Per
620 1375 765 1452 euangelii
782 1375 1032 1454 praedicationem
1046 1373 1127 1438 salus
1141 1379 1171 1438 in
1193 1365 1310 1440 Christo
1325 1377 1393 1438 lesu

296 1509 456 1571 uniuersali
485 1509 612 1588 quodam
643 1508 729 1573 modo
759 1503 948 1571 audientibus
983 1507 1118 1571 omnibus
1141 1505 1307 1587 exhibetur,
1324 1491 1392 1588 ¹per

296 1643 476 1704 sacramenti
506 1641 632 1704 medium
662 1653 729 1705 cum
759 1633 874 1717 singulo
905 1653 1026 1719 quoque·
1052 1643 1159 1716 agitur.
1210 1641 1271 1702 llac
1299 1643 1330 1703 ln
1358 1659 1392 1705 re

296 1775 465 1849 gratissimo
486 1775 584 1838 aninro
610 1772 812 1837 misericordia
835 1739 887 1864 liei
918 1778 964 1836 est
986 1771 1185 1849 agnoscenda.
1218 1773 1391 1838 Hominibus

296 1909 392 1985 enim,
417 1911 452 1968 nt
474 1909 542 1967 sunt
565 1905 673 1967 lnlirmi
694 1911 726 1969 et
753 1898 890 1968 sensibus
914 1906 1058 1985 subjecti,
1090 1905 1140 1967 tall
1168 1901 1255 1969 niodo
1282 1905 1391 1982 agendi

294 2054 369 2117 opus
392 2043 448 2101 est.
491 2037 523 2099 Sl
545 2038 644 2114 angeli
667 2037 713 2100 vel
736 2053 818 2099 mere
839 2036 1008 2116 spirituales
1037 2051 1171 2098 essenrus
1192 2035 1299 2098 risibili
1321 2051 1390 2112 gra·

294 2173 354 2232 tlae
375 2169 461 2233 modo
484 2170 603 2232 minime
624 2169 835 2246 indigeremus
857 2169 940 2232 Nunc
960 2181 1031 2232 uero
1052 2179 1142 2248 quuin
1166 2171 1197 2230 ln
1221 2168 1311 2245 longe
1332 2169 1390 2231 alia

294 2306 387 2365 simus
409 2295 577 2366 conditione
599 2307 629 2366 el
651 2302 708 2364 irae
730 2305 842 2364 terreni
865 2305 996 2380 corporis
1019 2301 1095 2364 mole
1111 2301 1293 2380 circumdati,
1315 2299 1389 2363 tides

293 2438 396 2496 nostra
418 2433 528 2496 carnali
550 2433 721 2496 irrllrnritate
742 2433 919 2513 impeditur,
941 2433 1093 2512 turbatur,
1116 2433 1296 2496 debilitatur.
1333 2435 1388 2495 Ar·

294 2565 388 2628 duum·
406 2567 484 2626 enlm
514 2570 560 2627 est
588 2569 618 2627 et
641 2564 762 2629 diiiielic
783 2568 836 2647 ils,
865 2581 943 2646 quae
970 2568 1002 2629 in
1026 2565 1114 2631 uerbo
1142 2566 1300 2630 inuisibilia
1320 2581 1389 2645 pro·

292 2701 452 2776 ponuntur,
473 2693 642 2761 firmissima
665 2715 700 2762 ea
722 2698 880 2763 inhaerere
900 2702 989 2763 animi
1005 2703 1196 2779 persuasione
1217 2715 1274 2778 qun
1292 2699 1389 2762 decet

293 2827 376 2926 bluiti
406 2833 562 2908 practerea
594 2829 747 2894 debilitate
774 2834 886 2908 ingenii
917 2848 951 2895 ea
979 2837 1066 2912 sunt,
1099 2837 1133 2894 ul
1165 2831 1301 2910 modum,
1332 2847 1387 2910 quo

293 2959 373 3022 Deus
396 2965 498 3022 noster
519 2962 550 3022 in
571 2960 708 3024 cordibus
728 2966 846 3041 peragit
865 2963 1002 3043 salutern,
1022 2967 1180 3044 perspicua
1202 2967 1322 3027 notione
1343 2964 1385 3025 in·

294 3091 430 3168 telllgcre
457 3109 516 3156 nnn
543 3097 668 3173 possint.
682 3093 712 3170 *)
754 3095 842 3160 Fides
870 3095 1012 3176 denique,
1042 3097 1159 3176 quando
1189 3099 1294 3159 statuit
1319 3111 1388 3174 pro·

294 3225 465 3288 missionem
487 3225 538 3289 Del
565 3229 596 3288 in
625 3245 859 3304 generaverant
887 3246 971 3308 esse,
1001 3232 1122 3306 angitur
1143 3235 1243 3293 tamen
1272 3229 1309 3292 de
1332 3229 1389 3292 liae

293 3358 414 3419 maximi
436 3360 579 3432 momenti
600 3363 794 3441 quaestione,
825 3376 864 3425 an
892 3364 1030 3442 priuatim
1052 3362 1089 3426 ad
1112 3377 1160 3426 mc
1184 3378 1301 3443 quoque
1320 3378 1389 3442 per·

353 3705 383 3768 *)
399 3709 516 3774 llotbe,
540 3709 616 3764 Etlrlir
632 3711 661 3764 lb
679 3707 728 3764 lto
747 3713 801 3766 und
818 3715 882 3768 460:
922 3707 995 3781 „bre-
1008 3717 1171 3779 anarunang
1194 3717 1297 3769 solclrer
1318 3727 1389 3779 syrn-

392 3806 528 3862 bolisclren
549 3812 612 3863 Acte
634 3839 668 3851 —
690 3813 725 3864 ist
748 3816 985 3878 nnumgangiicnes
1004 3813 1174 3870 'Bedurl’nlss
1198 3843 1229 3854 -
1252 3845 1286 3854 —
1311 3817 1389 3869 llitte

307 3935 310 3940 ι
394 3906 441 3960 der
457 3907 562 3962 Erlbser
579 3911 635 3964 siclr
653 3911 752 3966 darant
765 3914 934 3980 bescb'rinkt
951 3915 977 3968 in
996 3916 1083 3970 dieser
1101 3915 1252 3980 uerierung
1274 3917 1388 3979 gewisse

394 4005 536 4060 Lelrrslltze
552 4033 586 4045 -—
602 4009 783 4065 mitzutbellen
800 4039 833 4050 -
850 4026 881 4066 so
901 4015 974 4067 irlitte
993 4015 1034 4067 die
1051 4015 1195 4068 llenntnlss
1213 4027 1265 4068 von
1283 4015 1334 4068 den
1350 4012 1389 4067 ei·

393 4105 543 4167 gentlicben
557 4109 696 4170 ilssterien
709 4111 755 4164 des
768 4097 977 4176 eigentnnnltcn'
986 4113 1155 4188 christliclren
1166 4113 1267 4168 Lebens
1280 4114 1329 4166 aut
1337 4112 1389 4166 den

394 4206 600 4262 unvermeidlich
619 4222 670 4262 nur
683 4211 789 4264 kleinen
800 4213 876 4267 llreis
896 4214 994 4277 derlen.
1007 4213 1097 4267 aranu.
1108 4214 1268 4267 bescbrinlt
1285 4211 1388 4264 blelben

393 4308 511 4370 mussan,
521 4308 619 4360 urslebe
628 4309 662 4362 lrn
671 4311 769 4364 stende
779 4313 848 4375 sind,
858 4313 991 4366 dieselben
1001 4314 1151 4369 denisend
1163 4325 1196 4366 au
1205 4313 1323 4366 tassen.“
1334 4311 1389 4364 Ele.
