3156 5096
739 479 786 548 io

204 711 316 776 derat«
326 708 356 787 ⁸¹)
371 708 516 782 Theologl
529 703 796 780 heidelbergenses
809 705 871 781 jam
886 719 963 766 nuno
976 701 1054 768 1568
1063 709 1164 769 contra
1172 707 1310 768 Erasium

206 849 245 906 et
270 845 442 910 Erostlauos
464 841 609 917 cuiusque
632 837 743 900 saeculi
764 836 841 900 hanc
864 839 1070 900 sustinuerunt
1091 837 1205 900 thesin:
1240 837 1309 900 »uf-

207 975 314 1038 hcium
344 979 446 1036 autem
479 971 718 1048 (gubernationis
738 971 797 1041 sc.)
825 969 880 1031 hoc
908 986 1006 1048 uoco,.
1027 975 1059 1031 ut
1089 971 1215 1032 noialstri
1245 985 1310 1030 cuoo

205 1107 403 1186 presbyterio
431 1105 551 1184 quosvis
583 1107 760 1182 peccantes,
802 1101 901 1161 cimon
933 1101 1131 1178 Principes,
1168 1100 1310 1176 arguendi

206 1238 405 1317 ioaerepondi,
435 1233 722 1312 excommunicandi,
754 1233 928 1312 reliquaque
950 1233 987 1296 ad
1010 1233 1192 1311 disciplinam
1217 1231 1309 1294 eccle·

210 1372 371 1432 siasticam
398 1367 576 1446 pertinendo
607 1363 770 1442 peragendi
792 1364 965 1426 facultatem
999 1370 1029 1427 ct
1048 1364 1178 1428 habeant
1207 1368 1238 1424 et
1260 1379 1311 1424 ex·

218 1505 372 1564 cresunt«
409 1499 468 1575 (df.
490 1499 610 1564 Zouchil
636 1513 703 1576 opp.
729 1497 818 1562 theol.
842 1497 923 1560 Touo.
947 1498 1017 1562 llil.
1038 1497 1197 1564 bliscellan.
1220 1497 1312 1574 Epist.

216 1651 247 1712 p.
270 1629 310 1694 63
334 1631 426 1710 squ).
477 1631 557 1692 Idem
586 1647 645 1693 nno
674 1646 725 1692 ore
747 1631 841 1704 Leges
864 1628 1058 1694 ecclesiastici
1080 1629 1213 1690 llassinci
1243 1627 1313 1688 anni

222 1760 312 1843 oddo,
332 1762 629 1838 Teclleabnrgenses
648 1765 717 1824 nani
736 1758 828 1841 1588,
847 1761 954 1826 docent
968 1761 1098 1836 synodus
1110 1760 1312 1837 Wesnlieasis,

220 1895 352 1959 Eordaua
370 1901 401 1957 et
415 1895 545 1969 synodus
561 1895 710 1970 generalis
725 1895 896 1960 Herdoneae
917 1894 1030 1974 habita,
1050 1898 1083 1955 ut
1104 1905 1311 1968 germanarum

222 2036 336 2092 larrium
354 2029 544 2090 ecclesiarum
561 2030 740 2091 mentionem
754 2027 872 2094 faciam.
887 2024 932 2104 **)
963 2026 1023 2100 (Ci.
1037 2025 1157 2088 Richter
1168 2023 1310 2086 lorehen-

223 2227 519 2238 --.--—-—-....-..

277 2376 306 2437 *)
325 2379 400 2431 zach.
414 2379 501 2430 Ursini
518 2380 630 2430 Tractat.
639 2379 762 2442 Theolcg.
779 2379 913 2431 Neustadii
931 2379 1109 2432 Palestinorum
1127 2378 1198 2430 1584.
1216 2391 1238 2441 p.
1253 2379 1311 2431 650.

320 2482 346 2530 et
364 2479 420 2531 obl.

260 2610 308 2670 ¹³³³)
324 2611 436 2662 Primum
449 2612 573 2663 salutaris
590 2611 743 2675 disciplinae
757 2613 879 2665 idoneum
892 2614 1040 2676 exemplum
1052 2613 1078 2664 ln
1090 2612 1226 2664 Germania
1240 2609 1312 2662 dedit

323 2711 521 2773 peregrinorum
536 2711 648 2764 ecclesia
662 2712 908 2767 Francolurdensls.
930 2715 992 2764 Tam
1006 2713 1167 2764 luculentum
1183 2712 1225 2762 est
1238 2711 1312 2762 testi·

324 2811 437 2862 monium
456 2812 583 2876 veritatis,
602 2811 670 2875 qnod
688 2811 823 2863 reformati
839 2811 876 2864 illi
894 2809 1030 2863 christiani
1050 2813 1111 2873 post
1124 2810 1195 2862 diros
1210 2809 1311 2862 cencia-

323 2914 365 2961 lus
384 2922 398 2960 a
416 2910 554 2972 pontificiis
570 2913 595 2962 et
610 2910 755 2962 lutheranis
774 2921 914 2972 perpessos
930 2909 1069 2974 dederunt,
1085 2912 1114 2961 nt
1128 2922 1197 2962 nunc
1209 2921 1312 2973 quoqne

322 3009 421 3061 nostris
442 3010 561 3062 ecclesiis
585 3021 731 3072 proponere
751 3010 834 3073 J'nuet.
874 3009 991 3072 Liturgia
1014 3021 1091 3061 sacro
1113 3005 1310 3072 peregrinorum

322 3109 390 3160 hunc
406 3108 433 3160 ln
451 3108 557 3161 modum
570 3108 603 3161 de
621 3108 759 3172 disciplina
777 3110 804 3160 et
820 3108 1088 3160 excommunicatione
1106 3109 1168 3170 ogit.
1202 3108 1310 3172 „Porro

320 3207 418 3271 inquit,
444 3210 570 3271 quonium
594 3208 626 3260 nd
649 3209 730 3260 uitam
751 3208 870 3270 corporis
895 3210 936 3259 est
958 3206 1125 3258 necessarius
1149 3205 1259 3268 spiritus
1284 3211 1310 3258 et

321 3307 432 3370 halitus,
456 3319 507 3371 qno
525 3319 648 3370 represso
666 3320 776 3360 necesse
799 3310 840 3359 est
863 3306 952 3358 statim
971 3305 1102 3358 bominem
1125 3305 1258 3370 extingui,
1274 3305 1312 3358 ita

321 3407 362 3456 est
380 3417 445 3456 usus
464 3406 617 3468 discipliuae
641 3410 667 3459 st
689 3405 824 3459 fraternos
849 3407 1020 3459 correctionis
1038 3407 1064 3457 in
1082 3405 1209 3459 ecclesia:
1234 3417 1310 3469 quanm

321 3505 371 3567 ipsl
390 3505 461 3557 serlo
479 3509 604 3559 exerceat
624 3508 650 3558 in
669 3519 759 3558 omnes
782 3503 894 3558 rebelles
918 3508 943 3557 et
966 3505 1132 3568 praefractae
1149 3506 1312 3569 peruicaciae

324 3606 396 3657 viros
414 3618 463 3657 sen
480 3606 614 3671 mulieres,
631 3606 674 3671 qui
687 3605 813 3658 admoniti
828 3605 985 3669 resipiscere
1000 3617 1031 3659 ac
1044 3605 1231 3668 poeaitentiam
1242 3605 1312 3659 vitae

324 3705 419 3767 prioris
445 3717 525 3768 agere
550 3710 681 3759 recusent.
722 3707 751 3758 ln
777 3705 888 3769 publicis
913 3705 1066 3758 criminibus
1093 3705 1182 3758 statim
1208 3707 1313 3769 publica

322 3805 485 3868 poeultentia
508 3805 624 3869 exigitur
646 3809 691 3860 aut
716 3807 957 3859 excommunicatur
981 3807 1110 3870 pertinax.
1150 3809 1178 3860 lo
1204 3808 1313 3860 occultis

322 3908 423 3967 antem,
448 3905 577 3968 principio
595 3907 661 3958 clam
679 3907 859 3971 cipricitin,
885 3907 978 3960 delude
995 3907 1119 3960 adhibitis
1136 3907 1265 3972 testibus,
1282 3921 1313 3960 ac

324 4003 430 4056 tandem
458 4005 485 4056 ia
514 4007 623 4058 concillo
647 4007 783 4060 seniorum
812 4006 979 4062 admonetur.
1016 4008 1079 4060 Post
1099 4007 1143 4059 nbi
1164 4009 1201 4060 nil
1222 4007 1312 4070 prodet

323 4102 426 4167 uident,
448 4106 541 4168 pastor
564 4105 650 4158 scelus
669 4108 695 4158 et
716 4106 846 4160 hominem
863 4106 995 4158 Ecclesiae
1017 4107 1103 4169 palam
1125 4106 1202 4168 iacit,
1225 4108 1254 4156 nt
1272 4107 1313 4158 vel

324 4201 374 4253 hac
391 4201 495 4255 ratione
512 4204 635 4266 pudebat.
668 4204 783 4269 lienique
807 4205 830 4255 sl
851 4208 912 4267 pusi
928 4205 1024 4257 trinam
1047 4203 1175 4268 ejusmodi
1192 4204 1313 4255 monitio·

323 4312 383 4354 neno
397 4301 485 4364 pergit
501 4301 633 4357 obstinate
648 4315 736 4368 egere,
754 4307 847 4369 quarto
865 4304 907 4357 die
922 4305 1051 4357 dominico
1064 4305 1311 4367 excommunicatur,
