3156 5096
704 510 755 585 59

180 739 278 806 tinent
298 744 390 823 seius,
412 738 594 822 quambene
615 740 644 802 in
659 737 733 801 Filio
752 731 837 801 nobis
854 739 1001 816 proponit.
1037 736 1097 800 iias
1117 735 1154 800 ob
1172 745 1279 798 causas

183 870 332 956 Salvator,
353 877 404 954 qui
425 873 507 936 dives
528 876 575 936 est
595 874 626 934 in
647 869 860 949 misericordia,
879 884 939 933 non
961 885 1019 933 uno
1035 873 1150 932 tuntum
1172 866 1280 947 medio,

181 1017 238 1082 per
261 1009 374 1072 nudum
394 1007 508 1072 scilicet
527 1004 666 1083 uerbum,
688 1005 816 1079 gratiam
838 1005 906 1066 noui
927 1003 1099 1065 testamenti
1120 999 1280 1063 nobiseu-

181 1131 290 1203 hibere
326 1139 435 1218 rciuit,
476 1137 532 1202 red
565 1137 677 1216 placuit
709 1138 754 1216 ei,
794 1133 996 1198 infirmitatem
1027 1141 1160 1198 nostram
1191 1137 1281 1198 certis

184 1269 344 1336 sublevare
366 1269 561 1349 adminiculis,
582 1270 726 1334 institutis
748 1272 779 1332 in
800 1283 907 1330 sensus
929 1267 1147 1330 incurrentibus
1167 1267 1283 1346 ritibus,

184 1407 221 1464 ut
240 1418 296 1483 per
312 1403 369 1468 bns
389 1405 453 1482 ipse
474 1418 540 1467 cum
563 1401 679 1476 singulo
694 1415 811 1480 quoque
833 1404 948 1480 ageret,
968 1399 1119 1476 singulum
1136 1415 1284 1479 quemque

186 1535 330 1614 erudiret,
350 1533 513 1614 roboraret,
535 1531 740 1598 consuleretur
760 1547 795 1596 ac
810 1534 924 1594 certum
941 1530 1090 1612 redderet,
1113 1531 1190 1611 quud
1210 1531 1286 1594 foris

187 1664 340 1744 inspecte
363 1665 469 1729 risibili
490 1667 554 1742 geri
576 1666 733 1743 ceruimus,
755 1662 827 1726 iiind
848 1663 995 1728 intusliei
1017 1665 1126 1727 virtute
1149 1667 1178 1727 iu
1201 1663 1287 1729 nobis

188 1797 272 1862 citici
292 1797 396 1862 eadem
416 1797 611 1876 certitudine,
642 1811 700 1877 qua
722 1795 855 1870 symbola
876 1798 991 1872 gratiae
1019 1799 1199 1876 percipimus
1217 1800 1286 1861 'cnr-

187 1929 345 2010 poratttcr.
394 1928 532 2002 Quamvis
561 1931 653 2005 initur
680 1932 760 1994 omni
792 1929 891 1993 studio
919 1928 1042 1994 verbum
1070 1929 1198 1994 divinum
1217 1931 1288 1994 'iau-

190 2062 323 2130 dandum
352 2065 393 2126 sit
420 2067 454 2124 ut
481 2067 700 2126 sacramentum
722 2065 894 2143 primarium
916 2067 948 2126 et
967 2062 1207 2143 fundamentaie,
1230 2080 1289 2142 quo

191 2195 275 2260 salus
296 2197 327 2256 in
346 2194 498 2258 bominum
520 2196 627 2256 animis
648 2196 732 2274 quasi
760 2207 815 2274 per
835 2193 964 2258 medium
990 2197 1117 2273 primum
1138 2197 1289 2274 incipitur,

194 2332 259 2392 sine
282 2343 340 2408 quo
360 2332 547 2392 sacramenta
570 2343 625 2392 nec
645 2343 728 2406 esse,
750 2343 805 2390 nec
827 2326 970 2407 prodesse
991 2330 1114 2406 possent
1132 2359 1170 2370 -
1190 2331 1291 2390 tannen

197 2466 283 2536 matu
299 2459 532 2538 emauomtnum
547 2460 765 2524 misericordiae
781 2463 879 2524 animo
893 2460 1092 2524 confitendum
1111 2465 1166 2539 est,
1190 2477 1290 2524 sacra·

196 2597 295 2656 menta
310 2592 400 2656 uerbo
418 2599 449 2656 et
465 2595 630 2672 operationi
648 2596 712 2671 ejus
730 2596 891 2656 maximum
904 2593 1169 2671 esseadjuinrium.
1198 2592 1291 2665 Quum

199 2730 382 2789 sacramenta
403 2727 464 2789 sint
483 2724 665 2803 praedicatio
695 2724 834 2788 sensibus
854 2725 952 2804 iactu,
980 2740 1039 2788 non
1066 2728 1192 2803 possunt
1220 2727 1291 2804 quin

198 2871 337 2934 magnum
358 2859 518 2935 auritium,
547 2861 738 2933 augmentum
759 2872 906 2937 opemque
927 2857 1067 2921 adierant
1085 2857 1165 2922 fidei.
1192 2857 1293 2934 Signis

196 2990 276 3052 enim
296 2990 469 3066 praedicant
491 2990 639 3053 Christum
661 2990 851 3070 crucidxum,
872 2997 1091 3073 resurrectum,
1123 2996 1192 3056 ante
1222 3007 1292 3055 ocu·

198 3119 243 3182 los
272 3125 387 3198 ponuut
415 3137 524 3198 agnum
556 3123 609 3187 hei
636 3128 761 3202 peccata
789 3122 889 3184 mundi
922 3124 1084 3188 tollentem.
1141 3125 1180 3186 Ut
1207 3127 1294 3203 panis

197 3251 356 3316 humanam
377 3257 469 3318 uitam
490 3259 620 3320 sustinet
645 3272 681 3319 ac
701 3255 803 3333 fulcit,
835 3258 987 3319 uicinum
1009 3257 1157 3320 hominem
1181 3257 1295 3321 exhiai·

199 3391 255 3461 rat,
278 3389 323 3448 sic
337 3390 427 3450 citam
449 3390 633 3468 spiritualem
648 3405 703 3470 per
723 3397 943 3454 sacramentum
966 3391 1028 3470 alit,
1050 3389 1180 3470 roborat,
1204 3398 1295 3468 auget

198 3517 333 3582 Christus
354 3528 385 3584 et
408 3523 488 3585 omni
508 3539 562 3601 spe
584 3523 756 3586 destitutam
784 3528 915 3587 mentem
936 3524 1084 3602 restituit,
1115 3524 1245 3584 sustinet
1264 3529 1295 3586 et

197 3651 351 3720 laetiticat.
402 3655 513 3718 iieinde
538 3665 572 3719 ut
599 3660 686 3737 penis
716 3673 753 3719 er
779 3659 881 3733 grume
902 3656 1003 3720 muitis
1031 3655 1082 3736 tit,
1114 3657 1158 3719 sic
1186 3672 1296 3733 magna

196 3786 275 3848 inrui
296 3791 341 3850 ris
363 3794 560 3854 sacramentis
580 3807 639 3855 non
660 3791 756 3854 sotum
778 3797 812 3854 ut
832 3791 975 3855 denotent
996 3789 1153 3853 ecclesiam
1175 3790 1294 3866 Christi,

195 3918 247 3980 sed
271 3924 361 3985 etiarn
384 3930 416 3986 nt
438 3941 493 4004 per
520 3925 642 3988 verbum
674 3931 888 4002 congregatam
922 3930 953 3990 et
976 3928 1041 4005 jam
1069 3929 1170 3989 uatem
1198 3926 1295 4000 magis

195 4055 351 4132 magisque
373 4063 583 4133 coagmentent
603 4063 634 4120 et
656 4061 774 4134 erigant
795 4057 906 4122 viribus
927 4059 1035 4122 curisti
1058 4058 1230 4136 glorificati,
1252 4060 1294 4120 ita

196 4189 228 4248 ut
250 4187 290 4250 sit
310 4205 412 4251 rerum
434 4191 576 4271 tempium
598 4191 650 4253 Dei
673 4197 703 4254 et
725 4192 915 4256 fraternitate
931 4190 1053 4272 horeat,
1075 4207 1134 4272 qua
1155 4192 1235 4254 onrrti
1257 4207 1295 4251 er

194 4325 281 4399 parte
301 4321 378 4388 ddes
399 4327 501 4388 mutuo
522 4327 697 4390 commercio
718 4324 808 4386 aditur
829 4330 860 4386 et
883 4325 1062 4388 defenditur.
1101 4325 1198 4399 itique
1219 4320 1294 4384 hacc

1096 4420 1139 4485 5*
