3156 5096
720 465 768 536 53

194 696 335 774 fictione,
362 707 438 775 quae
465 694 545 759 corut
573 693 739 772 scripturae
760 691 955 756 mutunento
981 699 1081 772 earet,
1108 695 1291 758 eontetentte

194 827 345 906 quartam
373 828 483 892 erroris
510 824 659 890 lutherani
683 824 820 904 proditur
840 824 895 888 sci
915 825 992 889 mato
1014 824 1143 891 indicato
1171 829 1291 890 minime

195 959 343 1025 metetur.
978 1039 980 1043 Ι

283 1090 390 1154 Certus
415 1089 543 1170 dentque
572 1094 620 1154 est
647 1105 746 1154 sermo
775 1093 913 1171 omnique
943 1090 1050 1168 dignus
1079 1094 1292 1172 acceptatione,

194 1223 350 1286 Christum
377 1223 476 1287 lesum
502 1225 620 1286 uenisse
651 1223 683 1286 in
716 1223 867 1302 munium,
891 1229 924 1286 ut
955 1231 1128 1303 peccatores
1158 1231 1291 1290 servaret

194 1354 231 1432 (i
259 1354 297 1418 ai
319 1355 394 1420 i'tm.
417 1353 446 1434 1,
470 1351 552 1435 iia),
573 1358 745 1420 utantmas
764 1355 926 1420 redimeret
947 1360 978 1419 ct
997 1361 1182 1422 restauraret
1202 1361 1293 1436 atoue

187 1504 263 1568 per
284 1487 446 1562 amineam,
475 1503 552 1568 quae
574 1491 621 1550 est
642 1493 777 1550 centrum
797 1491 938 1550 aeternae
959 1487 1108 1551 humanae
1135 1491 1294 1570 essentiae,

196 1630 344 1700 tanquam
355 1637 409 1699 per
419 1620 513 1685 solam
525 1621 603 1684 rtem
615 1620 676 1682 enit
688 1618 825 1683 rationaii
836 1621 1069 1699 conuenientem,
1080 1635 1206 1698 corpur
1215 1635 1295 1698 quo-

196 1769 266 1833 prce
283 1755 398 1818 interna
413 1755 608 1816 renovaretur
623 1752 805 1829 operatione,
818 1766 876 1831 pua
889 1752 920 1814 tn
931 1752 979 1814 ite
994 1767 1134 1831 supremo
1144 1754 1296 1818 conforme

197 1887 287 1952 tieret
308 1885 415 1950 Ctrristi
444 1885 560 1962 corpori
586 1878 758 1958 giortoso·)
788 1881 878 1959 (Piril.
899 1881 937 1964 3,
958 1881 1035 1961 ii).
1077 1885 1116 1948 ut
1137 1901 1174 1948 ex
1197 1888 1296 1950 anima

200 2021 233 2082 tu
256 2032 365 2094 eorpus
382 2031 499 2093 quoque
521 2015 651 2078 maturuit
669 2016 783 2091 peccati
803 2017 959 2094 pernicies,
982 2018 1025 2078 ita
1043 2034 1081 2080 ex
1099 2020 1198 2081 anima
1213 2018 1295 2080 satus

201 2144 400 2232 proterrit”)
421 2161 455 2208 ea
476 2148 600 2225 ratione,
623 2161 712 2224 quam
734 2145 946 2210 celeberrimus
968 2147 1144 2222 0etiuperus
1157 2152 1188 2211 in
1207 2165 1295 2211 roco·

197 2281 320 2346 virutrrrio
340 2293 396 2343 suo
412 2278 519 2342 biblico
536 2275 677 2344 iudicavit
694 2277 812 2342 diceus:
834 2278 1050 2358 „Leibtielrkeit
1067 2281 1108 2342 ist
1125 2279 1179 2342 das
1193 2279 1295 2344 linis

201 2414 256 2478 der
272 2412 382 2478 werke
403 2411 522 2490 Gottes,
545 2412 603 2474 wie
625 2425 679 2474 aus
703 2410 755 2474 uter
777 2411 865 2477 Stetit
887 2411 1006 2494 Getice,
1029 2410 1296 2494 oneratutm

204 2541 356 2610 erhetiet“
369 2541 430 2622 m>
474 2543 637 2622 Propterea
665 2551 885 2608 recrementum
912 2548 1008 2625 primo
1035 2546 1099 2610 ioco
1121 2549 1229 2608 mentis
1250 2550 1297 2610 est

208 2676 291 2738 etius
311 2691 369 2740 non
390 2680 512 2756 ventris,
534 2691 631 2755 neque
652 2678 734 2755 impii
756 2679 924 2756 pertinaces
951 2677 989 2739 ai
1017 2676 1176 2752 gloriosam
1197 2692 1295 2739 resur·

204 2809 366 2875 rectionem
387 2808 507 2873 utuntur
529 2825 583 2873 nec
605 2809 688 2874 vernt
710 2827 766 2874 nec
787 2813 967 2914 sacramenti
989 2810 1093 2873 medio.

288 2939 417 3012 Quorum
438 2948 681 3018 argumentorum
708 2949 836 3020 augetur
860 2944 1022 3006 auctoritas
1044 2947 1075 3005 et
1094 2944 1139 3005 uis
1167 2942 1296 3023 explica·

206 3069 353 3152 tionibus,
381 3087 456 3152 quas
477 3074 599 3138 Ursinus
620 3075 659 3138 art
688 3075 812 3138 eundem
833 3078 989 3138 ueritatem
1014 3074 1195 3153 probandam
1217 3074 1296 3138 hunc

201 3207 235 3268 tn
264 3204 382 3269 modum
411 3210 542 3287 exponit.
593 3207 666 3270 »Cui
689 3207 778 3288 nituit,
808 3209 920 3287 iuquit,
942 3208 1124 3286 promittitur
1143 3207 1173 3268 in
1196 3204 1295 3285 uerbo,

169 3341 174 3348 ’
203 3339 234 3398 ei
253 3346 440 3402 sacramenta
458 3340 532 3402 nilrtt
551 3338 719 3417 obsignant
741 3343 841 3420 impiis
859 3341 930 3404 nituit
946 3343 1128 3419 promittitur
1144 3341 1174 3402 in
1194 3340 1296 3419 verbo,

200 3487 308 3533 earnes
333 3475 413 3535 enim
440 3475 653 3552 promissiones
682 3473 795 3538 hebent
823 3487 970 3536 annexam
1003 3470 1200 3534 conditionem
1228 3471 1298 3534 fidei

200 3609 235 3665 et
252 3606 464 3686 poenitentiae,
485 3621 542 3670 uec
563 3621 613 3670 res
630 3610 794 3686 promissae
815 3608 872 3670 nist
894 3609 924 3670 tn
944 3602 1035 3668 rerico
1056 3605 1151 3680 signis
1171 3620 1297 3686 annena,

194 3807 502 3820 m

259 3945 288 4007 *)
307 3948 381 4001 Cerri.
399 3947 485 4012 cyrill.
503 3949 547 4004 tiu.
563 3950 604 4003 it.
623 3949 656 4001 ari
673 3950 764 4004 ioann.
782 3962 839 4014 cap.
858 3951 897 4004 1³.

238 4063 287 4128 ss)
303 4065 407 4119 itininre
430 4067 512 4130 igitur
534 4068 667 4120 assentior
678 4068 724 4130 iis,
744 4079 811 4132 puae
835 4069 851 4122 i.
869 4082 890 4121 c.
908 4069 1100 4122 Martensenius
1118 4080 1178 4132 pag.
1196 4067 1245 4117 tur
1265 4067 1297 4119 de

307 4165 426 4218 doctrina
444 4166 584 4220 lutirerone
601 4178 654 4218 non
673 4167 731 4219 sine
749 4167 837 4220 studio
855 4168 953 4220 iaudat.

220 4277 288 4340 ses)
306 4281 371 4336 uror.
388 4283 576 4348 tt'itrteriructr‚
594 4284 718 4348 herausg.
735 4297 788 4338 uon
805 4286 847 4342 tir.
864 4285 913 4338 tut.
932 4283 1105 4348 tiemberaer,
1124 4294 1149 4345 p.
1166 4282 1225 4336 ³15.
