3156 5096
736 473 781 542 51

212 723 271 772 non
299 707 467 786 suspicetur
492 719 562 767 csse
578 703 785 786 phantasma«
797 700 829 774 ¹¹)
871 701 952 774 Quod
973 699 1011 764 de
1032 696 1179 764 horrendo
1199 691 1307 762 luthe-

213 855 352 904 ranorum
371 837 546 916 ubiquitatls
565 835 705 912 dogmate
722 833 906 913 dictumest,
928 838 1049 896 nostroe
1066 849 1183 912 quoque
1198 833 1308 912 optime

212 976 313 1050 potest
334 970 476 1049 applicari
497 970 680 1048 quaestioni,
709 981 803 1046 quae,
835 970 869 1028 ut
898 969 961 1028 tota
988 964 1146 1027 lutherum
1173 965 1204 1026 in
1233 963 1308 1027 libro

212 1101 392 1166 Concordiae
410 1117 497 1180 quem
512 1105 619 1162 vocant
634 1101 768 1178 exposita
784 1097 820 1160 de
842 1098 941 1161 Coena
956 1097 1072 1160 Domini
1090 1097 1222 1175 theoria,
1243 1095 1308 1157 ulit-

212 1236 319 1313 quttatl
334 1235 465 1312 corporis
482 1231 589 1294 Cirristi
615 1236 757 1308 tanquam
778 1229 1020 1292 fundamento
1036 1225 1084 1304 '‘*)
1102 1231 1309 1306 superstructa

212 1371 268 1428 est.
311 1363 381 1437 Quis
404 1366 481 1426 euim
502 1379 561 1426 uon
583 1365 752 1440 suspicetur
770 1361 919 1424 Christum
940 1364 971 1424 iu
991 1360 1126 1422 lntideles
1147 1362 1308 1423 intrantem

212 1502 350 1560 autnon
380 1511 448 1558 csse
475 1510 594 1574 verum,
626 1493 841 1572 vivificantem,
871 1492 1039 1556 salvantem
1068 1492 1223 1556 llorninum
1254 1490 1308 1553 sed

211 1629 389 1708 phantasma
412 1633 546 1707 tanturn,
569 1631 621 1690 ant
642 1629 720 1690 inter
739 1627 992 1690 communicantes
1013 1639 1072 1687 uon
1090 1640 1157 1686 esse
1172 1622 1308 1686 homiues

210 1763 241 1824 iu
263 1760 488 1840 reprobatorum
509 1775 664 1821 numerum
676 1758 838 1838 ponendos,
860 1774 950 1838 quum
973 1756 1093 1819 disertis
1114 1755 1213 1818 verbis
1234 1756 1308 1817 sarl-

210 1898 298 1973 ptura
320 1892 442 1971 doceat,
464 1891 547 1954 illum
568 1889 680 1954 labere
701 1894 795 1954 vitam
816 1896 988 1968 aeternam,
1016 1890 1047 1949 in
1065 1886 1210 1965 judicium
1231 1902 1307 1949 nuu-

211 2041 300 2105 quam
318 2029 476 2087 venturum
495 2039 563 2087 esse
581 2029 613 2086 et
629 2025 777 2100 gloriosae
795 2024 1021 2086 resurrectionis
1039 2023 1214 2101 participem
1231 2020 1308 2099 lore,

264 2372 293 2442 *l
310 2373 381 2430 Petri
402 2371 524 2436 Martyris
549 2333 669 2426 defensio
692 2372 828 2426 doctrinae
854 2374 953 2426 veteris
978 2376 1005 2426 et
1025 2373 1138 2436 apostol.
1161 2373 1193 2426 de
1216 2383 1307 2425 sacro·

310 2477 403 2528 sancto
428 2475 597 2527 Eucharistae
623 2476 789 2527 sacramento
815 2473 874 2526 adv.
896 2475 986 2536 steph.
1011 2471 1144 2524 Gardineri
1170 2471 1228 2524 lilrr.
1252 2469 1306 2535 ooj.

276 2589 280 2596 ·
314 2573 354 2624 11.
370 2583 396 2632 p.
415 2570 473 2623 110.

212 2768 215 2770 ,
244 2695 292 2760 **)
309 2698 469 2752 Admonttlo
484 2700 667 2754 consonae:
682 2701 1034 2766 „Reliquaautemipsorum
1044 2703 1209 2767 argumenta,
1229 2712 1308 2763 nuum

310 2799 364 2850 sint
379 2798 522 2864 ejusmodi,
546 2809 612 2862 quae
646 2811 743 2866 nomen
760 2803 974 2864 argumentorum
996 2813 1049 2854 non
1065 2805 1229 2864 mereantur,
1248 2801 1309 2854 iun·

310 2895 462 2950 dementum
479 2899 649 2964 praecipuum
674 2901 740 2964 ipsis
766 2902 809 2952 est
832 2899 860 2952 in
885 2899 1029 2964 ubiquitate
1055 2901 1174 2964 corporis
1198 2900 1304 2965 Christi,

309 2994 379 3058 quod
398 2996 474 3058 quale
492 2997 540 3059 sit,
565 2999 631 3050 satis
649 3000 728 3052 etiam
745 3002 788 3052 est
810 3002 949 3052 ostensum
972 3001 998 3052 et
1020 2989 1062 3052 uel
1084 3013 1117 3052 ex
1140 3013 1171 3052 eo
1194 2999 1305 3063 intelligi

309 3092 410 3156 potest,
438 3092 507 3156 quod
531 3097 659 3156 perpetua
683 3097 810 3158 petitione
833 3097 969 3161 principii,
994 3097 1123 3149 incertum
1148 3109 1195 3160 per
1220 3111 1303 3162 aeque

307 3191 437 3244 incertum
454 3194 481 3243 et
496 3190 566 3244 idem
584 3203 632 3254 per
647 3191 717 3246 idem
733 3192 887 3256 tigmentnm
905 3193 1026 3258 pronam.
1057 3194 1120 3247 llam
1139 3197 1301 3257 corporalem

307 3289 486 3353 praesentiam
511 3289 658 3342 christiin
684 3303 752 3354 pane
778 3291 934 3345 confirmant
959 3294 1009 3345 troc
1034 3296 1208 3357 argumento:
1239 3295 1304 3357 Quia

309 3399 406 3451 corpus
424 3389 481 3454 ejus
499 3392 541 3443 est
558 3390 666 3455 unique,
690 3403 754 3454 ergo
779 3391 858 3443 etlam
875 3392 903 3444 tn
920 3404 997 3455 pane.
1031 3393 1148 3456 Negatur
1164 3393 1229 3455 ipsis
1248 3393 1304 3444 nbi·

308 3487 410 3553 onitas3
433 3488 546 3551 probant
567 3500 624 3541 eam
646 3501 694 3554 per
717 3490 840 3544 unionem
864 3491 1046 3556 personalem,
1070 3491 1252 3544 ascensionem
1275 3493 1302 3544 ln

307 3588 425 3652 coelum,
449 3588 596 3642 sessionem
620 3587 653 3641 ad
675 3588 795 3642 dextram
813 3589 872 3653 liei,
897 3588 1045 3643 diuinarum
1067 3590 1258 3655 proprietatum
1277 3594 1305 3644 et

307 3687 491 3749 operationum
507 3687 728 3751 praedicationem
747 3688 778 3741 de
796 3689 900 3741 christo
918 3689 1038 3743 homine:
1060 3689 1178 3753 degatur
1195 3703 1209 3742 a
1226 3692 1302 3744 nolis

307 3786 509 3852 consequentia,
541 3785 602 3850 quia
628 3787 778 3839 testimonia
806 3787 909 3840 infinita
934 3790 1009 3851 sunt,
1043 3799 1110 3853 qnae
1137 3793 1302 3855 asseverant,

308 3885 442 3938 clrlstum
462 3887 536 3939 salua
552 3885 648 3938 unione
665 3886 832 3948 naturarum,
858 3889 1026 3952 ascensione,
1048 3890 1169 3940 sessione
1188 3887 1220 3940 od
1239 3888 1303 3940 dax-

305 3987 374 4036 tram
396 3987 423 4037 et
445 3984 535 4037 divirm
558 3986 697 4050 majestate
721 3999 783 4048 sna,
811 3997 921 4049 corpore
943 3998 992 4040 suo
1016 3999 1067 4040 uno
1094 3990 1227 4052 tempore,
1248 3999 1301 4038 nou

306 4083 359 4136 nisi
381 4084 409 4136 in
431 4095 484 4135 uno
507 4085 565 4137 loco
590 4083 674 4136 ruisse
698 4087 724 4137 et
747 4096 814 4136 esse.
849 4085 1031 4149 Respondent,
1060 4087 1191 4138 Christum
1215 4088 1302 4138 tomen

306 4183 426 4247 potuisse
448 4183 526 4236 etiam
550 4185 605 4234 tum
628 4196 689 4236 esse
716 4181 826 4248 ubique,
848 4183 895 4236 sed
916 4185 1036 4239 noluisse
1059 4185 1125 4235 hanc
1149 4183 1302 4236 facultatem

307 4295 417 4337 exerere
441 4285 467 4335 et
484 4292 622 4345 usurpare.
656 4282 688 4335 at
707 4282 885 4347 respondetur
907 4281 973 4346 illis,
991 4295 1031 4351 ¹ue
1048 4281 1167 4345 potuisse
1186 4281 1302 4348 quidem,
