3156 5096
883 401 927 473 la

352 633 416 709 inm
439 628 650 709 baptizatoa‘)
676 630 833 711 hortatur,
861 636 895 694 ut
916 629 1065 696 christum
1085 631 1209 698 induant
1233 649 1331 715 neque
1354 641 1487 700 carnis

355 775 458 824 curarn
484 761 616 826 habeant
644 761 683 826 ad
710 763 874 844 explendas
903 764 1098 847 cupiditates,
1132 770 1174 830 lta
1202 768 1353 832 hocloco
1388 769 1481 832 nihil

356 892 435 957 allud
464 897 495 956 ln
524 896 621 959 anlrno
643 895 736 959 hahet
763 902 886 960 sanctus
914 896 1065 976 apostolus
1093 912 1181 977 quarn
1205 899 1475 980 exhortationem,

356 1028 477 1092 Galatas
506 1043 575 1090 osse
596 1026 672 1090 illios
695 1027 747 1091 liei
776 1034 808 1092 et
835 1035 996 1109 propterea
1025 1034 1086 1093 tam
1114 1033 1218 1094 intima
1245 1047 1312 1096 cum
1335 1033 1473 1098 Christo

356 1161 487 1239 gaudere
502 1165 720 1243 conjunctione,
740 1168 775 1225 ut
792 1178 891 1227 coram
907 1162 968 1226 lieo
990 1179 1098 1227 nomeu
1119 1179 1154 1226 ac
1169 1179 1328 1241 personam
1344 1165 1471 1228 Christi

355 1303 463 1371 gerant
490 1310 524 1357 ac
552 1297 582 1356 hr
605 1297 670 1373 ipso
697 1297 793 1370 magis
816 1310 905 1374 quam
925 1298 956 1358 lu
978 1311 1012 1359 se
1032 1298 1105 1376 loeis
1126 1303 1316 1360 censeantur.
1363 1297 1469 1371 Quam

354 1430 501 1490 unitatem
530 1443 597 1492 cum
619 1427 735 1492 Christo
765 1433 799 1490 ut
819 1425 986 1507 describat,
1014 1430 1108 1490 utitur
1127 1427 1321 1492 similitudine
1349 1431 1463 1492 vestis.

355 1559 436 1622 Talis
458 1576 528 1624 vero
557 1560 677 1638 adoptio
704 1562 735 1623 ln
761 1559 839 1624 dllos
866 1559 935 1639 liei,
971 1575 1031 1639 qua
1058 1558 1207 1622 christum
1236 1560 1462 1639 quodammodo
1546 1521 1550 1586 *

355 1691 525 1771 induimus,
558 1707 618 1755 nou
651 1696 699 1754 cst
730 1691 805 1754 tides
837 1694 919 1772 ipsa,
950 1692 1004 1756 sed
1033 1690 1103 1755 lidel
1127 1694 1211 1754 ulvae
1238 1695 1458 1772 consequentia

355 1825 546 1903 cerniturque
577 1827 607 1887 in
636 1793 747 1887 ueteris
774 1824 901 1887 hominis
930 1823 1156 1888 mortldcatlone
1183 1840 1219 1888 ao
1248 1839 1344 1887 nouae
1375 1828 1456 1888 altae

355 1956 470 2020 ardore.
513 1956 665 2018 induimur
687 1959 765 2020 enim
785 1958 880 2036 primo
902 1962 1043 2035 tanquam
1064 1960 1164 2035 teste,
1194 1955 1250 2019 hoc
1273 1962 1336 2036 est,
1366 1973 1455 2020 orna·

354 2105 422 2151 mur
443 2095 474 2153 et
493 2091 644 2168 placemus
668 2089 744 2170 lieo,
768 2090 885 2169 justitia
907 2091 971 2152 siue
1000 2089 1206 2152 satisfactione
1229 2088 1338 2152 Christi
1367 2087 1454 2152 nohis

354 2225 500 2302 imputata
524 2229 554 2285 et
581 2239 636 2302 per
658 2221 745 2284 sudem
769 2221 937 2300 applicata:
966 2220 1072 2283 deinde
1102 2226 1133 2282 et
1153 2219 1361 2283 conformitate
1382 2236 1449 2300 cum

353 2357 430 2431 ipso,
451 2368 542 2431 quum
561 2353 629 2414 fidel
645 2356 750 2431 spiritu
765 2354 844 2431 parisi
860 2355 890 2413 in
904 2368 979 2414 nova
996 2353 1180 2414 anrhulernus
1199 2355 1270 2415 ulia.
1302 2350 1447 2425 Quonrodo

353 2486 446 2560 igitur
471 2484 518 2546 his
539 2483 637 2548 verhis
659 2485 744 2547 Pauli
772 2485 809 2547 ad
833 2483 953 2546 Galatas
976 2486 1095 2562 scriptis
1118 2484 1315 2546 dernoastrarl
1344 2485 1444 2562 possit,

354 2615 535 2696 baptismum
552 2616 623 2680 fidel
644 2633 713 2680 esse
732 2618 972 2696 instrumentum,
994 2615 1131 2694 equidem
1152 2631 1211 2678 nou
1229 2615 1323 2678 rideo.
1359 2616 1443 2677 llanl·

356 2750 468 2811 festum
492 2755 554 2827 est,
575 2751 742 2828 apostolum
765 2749 821 2812 has
842 2750 916 2812 duas
937 2749 1118 2812 locutiones:
1140 2747 1216 2810 lilios
1237 2747 1290 2810 liei
1311 2748 1373 2809 heri
1393 2763 1444 2824 per

357 2880 446 2942 iidem
469 2886 499 2942 et
522 2882 670 2942 Christum
691 2880 832 2960 iuduere,
856 2879 960 2943 eodem
981 2895 1073 2942 sensu
1093 2895 1247 2959 usurpare.
1290 2879 1443 2941 Praeterea

343 3013 480 3076 'Galatac
501 3018 567 3077 slne
597 3013 685 3077 duhio
713 3012 805 3077 adulti
832 3019 903 3076 sunt
931 3013 1088 3092 baptizati,
1117 3016 1275 3092 postquam
1305 3012 1442 3088 euangelii

355 3147 577 3227 praedicatione
602 3146 709 3225 repleti
738 3153 840 3209 essent
861 3145 920 3208 fide
940 3148 971 3209 in
994 3144 1143 3206 Christum
1163 3141 1350 3205 saluatorem.

355 3363 653 3378 „affl-

407 3512 437 3575 ¹⁸)
460 3514 564 3570 hthrlme
596 3511 677 3576 igitur
707 3524 798 3564 eorum
831 3510 1043 3564 commentationi
1072 3512 1197 3564 assentiri
1224 3522 1375 3576 possumus,
1400 3510 1438 3574 qul

457 3626 516 3666 cum
534 3609 742 3674 Naegelsbachio
759 3611 900 3678 (zeitschr.
919 3610 935 3661 i.
952 3610 1018 3663 luth.
1036 3609 1123 3662 Theol.
1143 3610 1215 3675 1849,
1235 3621 1260 3672 p.
1278 3608 1339 3668 618)
1355 3612 1437 3673 ouant

454 3711 690 3794 βαπτισθῆναι
706 3713 752 3780 εἰς
763 3702 913 3793 Χριστόν
930 3715 960 3771 et
974 3703 1191 3772 ἐνδύσασθαι
1201 3702 1349 3793 Χριστόν
1365 3736 1433 3776 unum

456 3840 517 3878 esse
535 3833 561 3878 ot
577 3825 653 3876 idem.
689 3825 785 3875 Conier
802 3823 881 3875 etiam
900 3834 966 3886 quae
976 3823 1087 3875 Ursinus
1105 3824 1155 3876 hac
1172 3823 1204 3875 de
1218 3836 1248 3876 re
1265 3827 1339 3875 acute
1356 3823 1434 3874 scrihit

457 3925 484 3977 ln
503 3925 687 3990 „lielutatioue
705 3923 910 3986 sophismatum,
928 3920 1022 3985 quibus
1038 3924 1159 3984 apostata
1174 3923 1278 3986 quidum
1294 3921 1431 3974 ambitiosus

458 4030 614 4088 argumenta
639 4035 687 4086 pro
709 4022 769 4075 fidei
793 4035 841 4086 per
863 4023 1030 4074 sacramenta
1052 4019 1249 4073 confirmatione
1272 4020 1362 4084 allata,
1379 4033 1432 4072 con·

458 4126 555 4178 vellere
574 4122 702 4176 conatur“
720 4134 744 4184 p.
762 4123 821 4187 529,
838 4121 897 4174 5ta.
913 4120 940 4170 in
958 4119 1035 4170 zach.
1052 4117 1147 4171 Ursini.
1164 4121 1248 4173 lraot.
1264 4118 1341 4170 theol.
1356 4117 1431 4172 heau.

457 4227 539 4280 Palat.
559 4223 632 4276 tout.
