3156 5096
679 475 725 544 45

239 703 355 766 Tertiae
378 701 462 764 renui
485 706 516 762 et
535 703 715 765 sacramenti
736 703 959 766 convenientiae
979 705 1022 766 sic
1046 701 1195 768 stabilitae
1217 713 1250 768 ut

163 836 397 912 consequentiam
431 834 629 896 necessarium
662 832 739 896 hanc
771 839 908 912 quartam
940 834 1051 900 addere
1082 849 1251 914 pessumus,

164 965 232 1042 quot
253 965 423 1027 infidelibus
445 970 550 1028 neutro
579 967 695 1040 gratiae
717 969 914 1030 instrumenta
935 967 1096 1048 quidquam
1117 971 1160 1032 rei
1182 985 1250 1032 coc·

161 1094 238 1158 testis
261 1097 358 1160 cietur.
403 1096 495 1168 Quam
515 1098 672 1160 ueritatem
701 1102 734 1160 ut
761 1099 840 1176 nium
868 1098 1083 1162 sustinentibus
1113 1101 1199 1164 nubis
1221 1105 1252 1166 in

162 1230 253 1292 enimc
269 1245 329 1292 nun
344 1232 401 1308 est,
423 1227 591 1290 infidelibus
614 1242 679 1291 earn
694 1227 765 1293 dare
781 1233 955 1312 potentiam,
976 1237 1009 1296 ut
1025 1232 1139 1297 Domini
1160 1237 1251 1299 actio·

161 1376 209 1422 nes
239 1363 343 1424 irritas
372 1360 496 1424 rediere
528 1363 652 1440 possint,
706 1362 854 1426 Praesens
886 1364 1004 1444 quinem
1036 1371 1084 1428 est
1115 1367 1253 1432 amnibus

163 1490 315 1572 Dominus,
343 1492 396 1555 sed
416 1496 446 1556 in
469 1495 575 1572 impias
601 1497 789 1572 praesentiae
811 1495 926 1558 Domini
949 1498 1104 1575 incapaces
1126 1514 1186 1562 nun
1206 1501 1250 1562 in·

162 1629 224 1686 irat.
272 1627 373 1688 Gratia
394 1624 530 1688 omuibus
553 1625 684 1690 exhibita
705 1626 777 1690 sutis
798 1626 987 1690 credentibus
1008 1629 1112 1709 natur,
1142 1632 1252 1710 quippe

164 1758 262 1836 quibus
292 1774 353 1821 nun
382 1757 460 1820 desit
488 1757 557 1820 fidei
584 1775 691 1820 marius
723 1758 761 1820 ad
792 1758 869 1822 dona
900 1761 1041 1824 coelestia
1070 1762 1253 1841 accipiente.

165 1891 243 1954 terii
267 1893 386 1966 gratiae
413 1892 505 1966 igitur
530 1906 589 1954 nun
617 1893 714 1954 minus
742 1893 887 1954 resistunt
914 1895 994 1970 impii
1022 1898 1053 1955 et
1083 1895 1253 1972 pertinaces

167 2037 244 2100 quam
267 2025 476 2086 sacramentis.
508 2023 703 2102 Reprubanda
720 2031 880 2104 propterea
897 2033 943 2088 est
959 2027 1056 2105 opinio
1072 2026 1254 2106 uetitzscnit,

169 2157 210 2231 quii
222 2157 403 2218 sacramenti
421 2159 451 2216 et
464 2155 548 2218 uerbi
566 2155 684 2218 morium
698 2154 839 2233 onerandi
858 2158 899 2218 ite
915 2155 1062 2220 diuersum
1076 2173 1144 2221 esse
1156 2164 1253 2238 putat,

171 2295 199 2348 ut
217 2285 305 2350 terito
328 2287 447 2366 quidem
468 2286 522 2350 seui
551 2289 670 2350 minime
692 2298 881 2351 sacramento
908 2289 1051 2350 resistere
1072 2291 1188 2367 possint
1209 2293 1253 2352 iu·

175 2417 272 2482 tietes.
323 2419 423 2482 »iiber
451 2419 552 2498 (tanin,
582 2421 693 2499 inquit,
720 2419 839 2482 besteht
862 2418 916 2482 tier
936 2420 1127 2484 wesentticne
1149 2423 1255 2488 Unier·

178 2549 260 2612 sehied
281 2551 335 2614 des
357 2549 476 2616 Wartes
498 2552 557 2614 und
580 2551 632 2614 ties
655 2553 886 2632 Sakramentes,
908 2553 978 2615 dass
999 2554 1153 2635 iluimus,
1174 2559 1254 2622 insu·

132 2691 135 2698 ¹
185 2680 239 2742 ten
255 2684 302 2746 tias
322 2683 410 2748 Wurt
430 2685 481 2748 iim
511 2701 567 2748 uns
595 2685 862 2764 entgegenbringt‚
893 2702 950 2748 nur
978 2685 1158 2761 cuuupiangen
1180 2689 1255 2750 wind

259 3070 346 3122 iiaass
364 3069 538 3134 mammem,
561 3070 628 3122 iiuii
645 3083 705 3123 man
725 3070 834 3135 Geraia,
857 3071 938 3125 Mittei
960 3073 1015 3124 und
1033 3074 1126 3126 zweck
1144 3086 1178 3126 zu
1193 3089 1252 3128 uer·

260 3181 374 3234 mengeri
392 3171 446 3223 und
470 3170 511 3222 die
533 3181 617 3232 ganze
639 3170 757 3233 Religion
780 3183 813 3222 zu
835 3172 1044 3236 verstnaumen,
1068 3173 1115 3224 das
1139 3173 1254 3238 Geistige

262 3271 321 3323 uem
346 3271 497 3325 Sinniichen
519 3271 742 3324 unterzuurdnen.
783 3269 829 3324 liic
853 3275 961 3334 protest.
979 3271 1185 3335 nasenrnntmng
1207 3275 1256 3326 der

264 3371 455 3424 Gnadeumittci
480 3374 563 3436 iringi
587 3372 644 3425 aisn
670 3373 752 3425 damit
777 3385 943 3438 zusammen,
970 3373 1033 3424 dass
1058 3373 1191 3426 dieseiben
1214 3379 1253 3428 ais

264 3473 320 3524 eine
338 3472 536 3536 Herabtassung
554 3473 645 3526 Guttes
669 3485 701 3524 zu
724 3483 835 3524 unserer
857 3472 1004 3523 sinniichen
1027 3473 1254 3527 Unuctiiommen-

264 3571 316 3625 insit
342 3573 493 3636 angcsehen
518 3573 644 3638 werden;
669 3572 745 3629 keine
770 3573 867 3636 Frage,
894 3571 986 3624 snuaid
1012 3583 1073 3624 man
1099 3575 1254 3640 (schenkei)

264 3673 335 3726 ttiese
351 3674 435 3726 iiitcei
451 3675 550 3728 wieder
574 3674 623 3726 aui
642 3674 684 3726 die
707 3672 810 3726 Einheit
831 3673 877 3726 des
895 3673 1043 3726 Giittitciuen
1067 3677 1118 3727 und
1137 3678 1256 3730 niensiu-

263 3773 466 3842 limentinum,
490 3776 547 3829 iinre
569 3775 699 3830 sinniiche
716 3775 787 3829 Seite
808 3775 881 3828 nicini
902 3777 941 3828 ais
959 3777 1172 3844 Herabiassung‚
1194 3793 1256 3833 sun·

265 3874 328 3930 dern
345 3878 385 3929 ais
398 3879 503 3940 vorzug
521 3878 637 3931 ansehen
652 3878 757 3930 wiirde:
775 3881 877 3930 mtissie
895 3878 961 3930 ancti
980 3879 1027 3931 der
1038 3880 1113 3932 Trieb
1132 3892 1178 3932 zur
1190 3881 1256 3932 ins·

264 3975 390 4041 iennnng
406 3977 460 4030 unci
476 3979 605 4041 itenrung
622 3977 668 4030 der
686 3977 877 4031 Gnadenmtttei
898 3977 956 4030 unc*
975 3991 1023 4032 zur
1039 3981 1192 4042 Verchrung
1210 3979 1257 4031 tier

264 4079 377 4132 inssern
399 4079 496 4132 iiirnine
521 4080 668 4143 iiberltaunt
689 4079 788 4133 wieder
805 4080 952 4133 erwaetnen.
986 4079 1078 4133 Lieber
1095 4080 1136 4131 tite
1154 4080 1256 4142 zwing-

261 4177 347 4234 liseine
364 4180 537 4245 barniskai,
554 4180 594 4233 als
612 4180 699 4232 dieses
716 4179 884 4242 uerisimilius
901 4180 1061 4232 Unwesen.“
1093 4177 1256 4245 ¹[Giauirensi.

261 4281 311 4334 der
327 4283 550 4346 suanm-reform.
567 4281 661 4334 iitrciue
677 4282 707 4334 ii.
723 4292 748 4343 p.
767 4279 839 4342 572.)
