3156 5096
710 460 753 529 tu

258 691 356 754 Sacra
380 693 529 770 scriptura
550 686 690 750 auxilium
710 685 878 762 denegante
897 685 1059 748 adversarii
1082 685 1120 748 ad
1135 685 1280 751 humanas

167 823 357 898 enrriugtnnt
380 826 512 886 rationes
534 820 779 884 scirolastieomm
804 821 839 882 -iu
866 818 1001 896 modum,
1030 822 1078 897 qui
1097 822 1159 896 jam
1183 822 1279 884 medio

170 970 247 1016 aevu
271 954 442 1019 doctrinam
470 954 506 1016 tie
534 955 730 1015 sacramentis
751 954 895 1014 vitiarunt
916 951 963 1013 vel
987 954 1119 1014 vitiatam
1142 953 1281 1016 hunrunis

169 1085 335 1160 tigmentis
368 1086 502 1149 stabilire
539 1084 726 1147 studuerunt.
781 1084 954 1146 Sustinetur
984 1086 1063 1146 enim
1094 1093 1281 1148 sacramento

171 1217 284 1280 eonem
314 1221 384 1298 jure
407 1234 465 1297 qrro
494 1217 583 1280 verino
606 1216 676 1279 fidei
699 1215 839 1279 effectum
865 1231 934 1278 esse
956 1215 1159 1295 tribuendum,
1190 1231 1280 1294 quum

173 1356 406 1414 sacramentum
436 1366 587 1429 nunquam
621 1352 685 1410 sine
718 1349 807 1410 verbo
839 1349 889 1411 sit.
908 1346 938 1423 ⁸)
992 1347 1072 1422 Quae
1106 1349 1281 1413 universalis

176 1487 336 1547 sententia
354 1500 392 1546 ne
412 1484 448 1546 ad
467 1483 647 1562 baptismum
666 1481 784 1560 quidem
802 1482 1004 1555 restringitur.
1039 1480 1119 1544 idem
1135 1481 1282 1544 Lutiierus

176 1618 230 1694 qui
255 1615 408 1694 quoniam
422 1615 501 1677 hune
521 1617 553 1676 in
575 1614 693 1687 morium
711 1613 747 1678 ue
763 1613 831 1676 fidei
852 1616 966 1689 origine
988 1613 1103 1677 loeutus
1125 1618 1187 1677 est:
1210 1617 1284 1677 »ruit

177 1747 249 1810 riern
274 1748 376 1812 Worte
404 1751 509 1810 nimmt
537 1748 606 1810 Gott
636 1747 689 1810 das
722 1747 798 1808 iierz
829 1749 896 1809 ein«
919 1776 959 1789 -
982 1749 1042 1810 »im
1070 1747 1175 1810 selben
1197 1745 1283 1810 Wurt

177 1880 300 1943 kommt
320 1880 373 1944 tier
387 1881 469 1943 Geist
491 1879 552 1942 und
573 1880 639 1954 gibt
659 1879 716 1940 rien
732 1879 882 1942 Giauireu«
896 1876 962 1958 **),
985 1879 1050 1942 aliis
1071 1878 1145 1942 locis
1167 1881 1197 1940 in
1215 1894 1282 1940 eam

178 2013 375 2090 progreditur
397 2015 575 2090 opinionem,
597 2017 630 2074 ut
647 2011 737 2074 iidem
759 2027 777 2074 a
797 2011 912 2074 Coenae
934 2015 1121 2074 sacramento
1141 2018 1282 2090 tanquan

184 2158 202 2204 a
223 2144 368 2220 primario
388 2143 514 2222 quodam
535 2143 619 2207 fonte
642 2143 763 2207 derivet.
782 2141 843 2218 ***)
885 2143 1029 2221 Equidem
1051 2158 1110 2207 non
1132 2143 1216 2206 rideo
1235 2143 1282 2204 rei

182 2276 339 2337 minimum
359 2276 460 2338 talium
484 2279 771 2352 argumentationum
785 2274 1014 2338 fundamentum
1035 2275 1172 2354 solinum,
1195 2274 1280 2337 milri·

183 2421 243 2484 que
268 2407 394 2471 Thomas
416 2409 548 2487 Aquinas
577 2426 636 2472 non
665 2412 776 2472 minore
803 2411 872 2486 jure
902 2413 934 2471 et
961 2409 1065 2472 eadem
1092 2408 1158 2472 fere
1189 2412 1280 2484 tergi·

175 2543 353 2604 *versatione
373 2543 575 2620 septenarium
597 2547 852 2604 sacramentorum
874 2557 1029 2604 numerum
1048 2540 1183 2604 stabilire
1199 2540 1280 2604 ride·

183 2675 244 2732 tur.
287 2672 332 2734 iio
362 2689 420 2735 nou
441 2673 519 2749 fugit
545 2675 707 2736 secundum
730 2672 841 2736 dietum
863 2673 934 2736 iilud
955 2676 1129 2752 Augustini,
1157 2673 1280 2735 verbum

185 2803 224 2864 aei
250 2804 427 2867 elementum
449 2807 592 2868 accedere
613 2807 738 2886 fierique
761 2811 998 2886 sacramentum,
1021 2804 1073 2868 sed
1092 2808 1210 2870 omnino
1233 2821 1281 2867 me

183 2937 344 3015 praeterit,
367 2938 512 3015 quomodo
535 2939 599 3002 fieri
620 2941 730 3019 possit,
752 2945 840 3002 uteo
862 2940 968 3016 verbo,
992 2938 1070 3019 quod
1092 2938 1130 3000 ad
1152 2939 1280 3002 elemen-

184 3073 247 3130 tum
277 3070 407 3150 aceedit,
437 3071 512 3134 fides
542 3072 700 3135 efficiatur.
744 3072 881 3144 Quamuis
911 3076 988 3135 enim
1017 3071 1108 3134 rerba
1138 3071 1220 3146 »Ego
1249 3076 1281 3133 ie

181 3198 301 3278 baptizo
325 3211 401 3264 ete«
446 3205 526 3267 »iioe
549 3211 596 3268 est
617 3221 724 3283 eorpus
747 3221 843 3266 meum
866 3211 942 3267 ete«
973 3221 1010 3267 en
1031 3203 1120 3266 uerbo
1145 3202 1197 3266 Dei
1219 3203 1280 3265 siut

181 3332 338 3413 desumpta
362 3352 489 3410 uerene
513 3336 625 3417 divina,
653 3344 752 3401 tamen
773 3339 846 3401 nihii
869 3343 916 3401 est
936 3340 967 3400 in
988 3341 1041 3416 iia,
1069 3336 1147 3416 quod
1169 3335 1280 3398 horrrini

179 3465 221 3526 ari
243 3467 393 3529 Christum
421 3469 551 3531 nondum
581 3486 724 3534 converso
745 3476 900 3549 peecatum
930 3476 961 3533 ei
984 3471 1220 3545 damnationem,
1248 3470 1279 3529 iu

178 3613 242 3676 qua
265 3605 320 3678 est,
344 3601 478 3662 revelare
500 3609 531 3663 et
553 3603 679 3664 salutern
694 3604 856 3666 salvatoris
878 3601 1092 3680 ininuirandanr
1115 3604 1157 3662 ita
1172 3613 1278 3678 propo·

177 3747 255 3792 uere
276 3733 387 3810 possit,
417 3738 450 3794 ui
471 3733 638 3809 intelligere
662 3745 768 3815 queat,
799 3736 869 3815 quid
897 3736 953 3798 sibi
976 3736 1066 3799 velint
1089 3735 1164 3798 haee
1192 3735 1278 3809 signa

178 3934 480 3946 mm*-

237 4073 267 4135 a)
284 4077 433 4134 neiitzsen.
450 4081 511 4132 iiior
528 4082 630 4134 Bireher
646 4095 669 4133 v.
687 4082 711 4135 u.
729 4084 822 4136 Kireire
840 4097 863 4148 o.
881 4087 923 4139 26.

225 4176 273 4236 aa)
291 4177 367 4229 Lutir.
386 4190 446 4240 ono.
465 4185 518 4232 tum
535 4182 586 4234 iiii.
604 4194 628 4245 u.
646 4183 686 4236 20.
705 4185 731 4235 et
748 4184 805 4236 271.
824 4185 863 4238 ed.
882 4186 981 4240 Wuieir.

208 4274 274 4336 w)
292 4276 355 4340 opp.
373 4280 427 4329 torn
445 4279 495 4331 iiii.
512 4290 537 4341 u.
554 4281 613 4334 438.
