3156 5096
822 496 846 566 8

286 720 398 781 minum
418 720 497 780 ritae
518 731 572 795 pro
590 717 796 795 peotalorlbus
813 720 951 781 otelsum.
972 712 1106 792 Quotidie
1123 720 1213 793 igitur
1223 717 1382 808 christianiN

284 852 473 912 sacramento
508 851 639 927 corporis
672 854 704 910 et
731 849 885 926 sanguinis
912 848 1021 911 Christi
1049 847 1216 912 confirmari
1252 853 1378 927 possunt

285 977 319 1044 se
339 980 545 1042 remissionem
564 978 675 1041 habere
697 985 903 1059 peccatorum,
931 981 1092 1058 participes
1118 995 1151 1041 oe
1178 993 1246 1042 esse
1268 979 1379 1044 Christi

283 1109 424 1175 orueliixi.
448 1111 507 1173 lloc
523 1113 622 1172 autem
636 1113 715 1173 ntae
730 1117 870 1174 aeternae
884 1109 1028 1174 beneflcio
1043 1123 1107 1173 oum
1119 1109 1235 1174 tirristo
1248 1111 1313 1189 ipso
1326 1127 1375 1175 eo·

282 1243 436 1323 pulamur‚
465 1243 514 1319 qui
535 1255 595 1304 non
622 1240 718 1304 solum
751 1246 884 1304 nromuus
916 1245 962 1304 est
995 1253 1051 1320 pro
1082 1239 1166 1304 noble
1198 1240 1252 1304 sed
1283 1243 1374 1304 etium

283 1371 447 1434 resurrexit
475 1377 505 1433 ot
534 1371 573 1434 ad
602 1370 742 1433 Dextram
772 1371 858 1434 sedet
885 1372 982 1434 Patris
1009 1371 1088 1436 omni
1122 1371 1215 1448 gloria
1244 1371 1373 1434 indutus.

282 1499 347 1566 Tali
379 1505 469 1578 igitur
496 1504 702 1580 conjunctione
725 1501 859 1566 Christus
886 1505 969 1582 ipse,
1001 1512 1093 1579 regno
1113 1503 1266 1581 praeditus
1286 1503 1374 1568 nullis

281 1634 413 1698 locorum
433 1635 539 1711 spatiis
561 1635 703 1713 limitato,
736 1637 899 1699 animorum
921 1635 956 1697 tlt
976 1635 1146 1699 alimentum
1174 1649 1268 1698 novae
1294 1637 1373 1698 ultae

281 1781 316 1828 ac
337 1767 563 1828 resurrectionis
585 1769 717 1845 corporis
734 1765 890 1842 glorificati
912 1765 1015 1829 eodem
1030 1766 1176 1844 spirituali
1196 1763 1292 1846 morlo,
1314 1779 1372 1846 quo

179 1927 181 1933 .
281 1912 388 1975 corpus
427 1901 579 1959 terrenum
619 1880 742 1962 externo
772 1897 860 1961 alibrr
899 1914 977 1977 pane
1010 1899 1042 1960 et
1076 1903 1264 1963 restauratur
1294 1901 1371 1964 nno.

280 2027 419 2104 llagnum
447 2033 531 2092 certe
558 2031 732 2105 mysterium
760 2033 807 2092 est
829 2035 859 2096 et
880 2027 1192 2112 incomprehensibile,
1218 2031 1272 2096 sed
1298 2031 1371 2094 bea·

279 2162 426 2223 tissimum
448 2160 534 2223 simul
557 2165 587 2224 et
609 2163 816 2224 certissimum.
859 2161 891 2224 Sl
911 2163 977 2241 quis
994 2167 1127 2240 quaerat,
1147 2161 1371 2242 parationem

277 2292 387 2370 possit,
414 2296 448 2354 ut
475 2294 505 2353 in
533 2307 620 2356 sacra
648 2294 747 2357 Coeum
773 2296 835 2357 rita
863 2292 1040 2373 spiritualis,
1068 2309 1146 2374 quae
1166 2293 1252 2362 nobis
1272 2294 1370 2375 datur,

276 2435 334 2484 non
356 2424 387 2484 iu
409 2437 445 2485 eo
466 2420 611 2486 duntaxat
630 2426 688 2487 sita
709 2425 767 2503 sit,
797 2423 874 2504 quod
895 2425 998 2504 spiritu
1029 2430 1144 2488 tantum
1166 2425 1275 2489 christi
1297 2429 1369 2489 riri·

276 2544 415 2632 ficemur,
449 2551 506 2614 sel
527 2557 588 2616 toto
619 2551 734 2618 Christo
763 2557 846 2635 viro,
874 2553 1036 2632 annuato
1065 2568 1222 2635 pascamur
1247 2560 1306 2637 ita,
1336 2563 1370 2622 ut

274 2683 421 2747 humanae
443 2690 568 2748 naturae
590 2701 663 2750 suae
683 2689 843 2766 participes
865 2686 1196 2768 bamus-respondeo
1216 2705 1284 2754 cum
1302 2690 1368 2756 cal·

274 2819 357 2896 rino,
379 2822 494 2896 saneto,
516 2817 645 2880 maximo
661 2817 790 2898 tortore,
813 2835 860 2881 me
884 2823 994 2884 mnium
1017 2821 1190 2894 mysterium
1210 2837 1250 2886 ue
1271 2824 1369 2888 animo

276 2947 396 3028 quidem
419 2946 691 3028 comprehendere,
713 2953 744 3011 et
765 2948 890 3014 libenter
910 2949 977 3013 idea
998 2949 1114 3030 fateor,
1143 2967 1181 3018 ne
1210 2953 1277 3032 auls
1303 2956 1368 3032 ejus

274 3079 490 3144 sublimitatem
506 3079 651 3143 infantiae
666 3095 752 3144 meae
775 3077 890 3146 modttlo
910 3083 1061 3146 metiatur.
1099 3069 1159 3146 Sol
1174 3087 1308 3166 uuumrls
1323 3088 1369 3150 rel

275 3211 478 3286 magnitudine
491 3211 608 3273 animus
622 3216 653 3274 et
668 3212 771 3288 lingua
784 3211 947 3278 obruantur
962 3214 1185 3296 vincanturque,
1203 3220 1251 3278 est
1266 3220 1367 3278 tamen

275 3340 360 3404 nobis
374 3356 444 3419 pars
461 3339 607 3420 quaedam
627 3343 763 3406 ueritatis
778 3344 904 3421 cognita,
927 3345 970 3407 itu
992 3349 1025 3406 ut
1041 3347 1171 3409 solemus
1193 3322 1223 3410 in
1241 3349 1367 3409 reritme

275 3488 330 3535 nos
367 3487 443 3535 esse.
487 3472 647 3552 Rejieimus
673 3480 829 3553 propterea
856 3473 1062 3553 hyperbolicas
1096 3479 1240 3542 mixturas
1269 3484 1365 3540 trans·

274 3603 549 3683 substantiationls,
573 3605 746 3686 ubiquitatls
768 3611 798 3670 et
818 3607 920 3671 localis
940 3611 1144 3689 praesentiae,
1166 3626 1225 3674 non
1248 3611 1365 3690 quidem

272 3737 306 3794 ut
324 3735 637 3813 incomprehensibiles
655 3742 686 3801 et
700 3740 901 3818 mysterlosas,
922 3739 976 3803 sed
991 3745 1024 3806 ut
1040 3739 1195 3820 absurdas,
1218 3741 1366 3821 spirituali
1468 3757 1474 3766 ·

271 3863 423 3940 religionis
451 3866 630 3932 christianae
669 3870 787 3945 ingenio
809 3873 992 3950 conuertas,
1021 3887 1089 3935 cum
1109 3886 1196 3934 soora
1216 3875 1364 3951 scriptura

270 4001 385 4058 etcum
405 4012 475 4060 vern
492 3997 601 4066 cbristo
621 3998 753 4064 bumana
774 4007 882 4066 natura
897 4008 1076 4081 pugnantes.
1119 4002 1231 4082 corpus
1250 4003 1364 4068 bomlul

225 4122 227 4130 ’
274 4131 406 4207 ᾳιιεηινῑε
424 4129 626 4207 glorificatum
647 4137 678 4194 et
696 4146 841 4210 personae
857 4132 943 4198 Verbi
961 4132 1050 4196 divini
1069 4135 1236 4197 arctissime
1251 4137 1367 4198 unitum

273 4267 319 4322 est
346 4266 446 4323 maren
474 4275 582 4340 corpus
599 4278 700 4326 rerum
724 4279 758 4328 at
779 4265 913 4330 orionibus
934 4269 996 4330 verl
1018 4269 1149 4346 eorporis
1168 4267 1289 4332 bamam
1311 4265 1363 4334 lb·
