3156 5096
831 413 930 530 sn

304 694 368 770 jum
390 695 474 752 extro
495 703 581 753 omne
600 692 729 766 positum
747 693 793 751 est
811 689 941 770 dubium,
963 695 1083 753 munioni
1106 709 1173 755 esso
1196 695 1347 770 momenti,
1370 697 1404 754 ut

308 823 452 886 ecclesiae
488 823 519 884 in
547 822 687 900 baptismi
720 821 975 885 administratione
1011 837 1164 884 renerum
1192 829 1227 885 et
1253 828 1403 884 cunctam

309 959 499 1015 coerceant
518 952 740 1029 disciplinam.
776 952 943 1016 Parentes
963 959 992 1016 et
1009 954 1235 1031 fidejussores
1251 957 1402 1019 scrutandi

307 1092 394 1167 suni,
421 1103 490 1150 num
519 1085 608 1148 iidem
637 1085 839 1161 euangelicam
869 1089 985 1150 sincero
1015 1088 1103 1150 corde
1132 1087 1350 1167 amplectantur
1372 1094 1401 1150 et

307 1223 337 1282 in
358 1221 420 1281 uita
442 1217 604 1282 christiana
627 1218 787 1281 ambulent.
800 1215 830 1296 *)
872 1217 1019 1282 Parentes
1047 1223 1078 1283 et
1098 1219 1308 1298 fideiussores,
1336 1235 1399 1280 non

306 1357 418 1412 autem
442 1352 593 1429 percult,
626 1356 696 1414 ante
724 1352 904 1431 baptismum
933 1351 1137 1430 interrogandi
1166 1355 1236 1414 sunt
1264 1358 1295 1414 et
1322 1352 1398 1414 inune

307 1483 426 1562 quidem
449 1486 478 1545 in
501 1484 637 1547 modurn:

391 1613 429 1678 1⁰·
466 1615 601 1678 Vuiiisue
631 1616 710 1679 irunc
746 1615 876 1695 puellum
909 1615 1054 1695 baptizari
1090 1618 1270 1678 innomine
1303 1615 1398 1679 Patris

306 1753 337 1812 ot
370 1749 434 1810 irin
472 1755 503 1811 et
543 1750 672 1828 Spiritus
705 1750 824 1828 Sancti,
867 1748 897 1811 id
936 1753 983 1812 est
1021 1753 1144 1812 sanciae
1187 1753 1217 1810 et
1256 1748 1397 1811 indivisae

309 1881 516 1942 Trinitatis?

387 2013 428 2076 2⁰·
471 2014 569 2076 Vosne
600 2015 691 2089 igitur
726 2015 900 2092 promittitis
933 2014 1054 2078 daturos
1081 2029 1219 2093 operam,
1254 2019 1286 2074 ut
1324 2029 1396 2091 puer

303 2147 353 2210 iric
384 2161 498 2210 summo
530 2145 628 2207 studio
658 2146 692 2204 tn
712 2143 767 2207 lrt'r
795 2143 946 2207 omnibus
975 2146 1187 2220 instituatur,
1215 2161 1301 2222 quac
1329 2150 1398 2205 toto

303 2279 479 2357 scriptura
507 2278 633 2339 ceteris
661 2283 697 2337 ct
723 2278 799 2339 noct
821 2275 1026 2338 Testamenti
1044 2280 1270 2351 conttocotor,
1299 2282 1338 2337 ut
1358 2293 1398 2337 eo

303 2408 443 2485 crerint,
479 2407 532 2469 loto
561 2411 703 2484 nitatur,
736 2425 855 2486 ocncpe
887 2415 1023 2485 certus,
1060 2425 1138 2472 esse
1170 2409 1307 2472 uerbum
1334 2408 1399 2469 Dat

302 2540 392 2618 quod
411 2541 503 2601 coelo
524 2540 708 2603 deonorum
729 2544 811 2604 est?

382 2674 423 2738 30·
460 2675 531 2738 idne
561 2675 755 2755 pollicemini,
785 2692 838 2739 uos
865 2693 933 2738 esse
963 2691 1077 2738 summo
1105 2676 1204 2739 studio
1234 2675 1395 2738 christiano

299 2813 471 2887 curaturos,
501 2811 540 2867 ut
561 2809 676 2885 tofane
696 2809 796 2868 cltum
824 2809 983 2870 troetttuat
1007 2823 1053 2868 ec
1070 2808 1291 2886 praescripto
1311 2808 1396 2884 lepte

299 2940 382 3014 Det,
413 2955 488 3018 qnae
516 2940 629 3002 duobus
650 2943 835 3018 potissimum
859 2940 1004 3025 capitibus
1025 2944 1212 3020 continetur,
1241 2945 1274 3002 ut
1304 2940 1395 3002 ileum

299 3089 337 3135 ex
359 3078 421 3136 tota
444 3077 543 3134 mente
565 3089 603 3136 ex
622 3076 737 3136 cunctis
758 3071 870 3136 viribus
891 3077 1001 3136 nostris
1023 3090 1168 3153 amemus,
1189 3078 1220 3136 et
1241 3078 1274 3134 ut
1295 3075 1393 3151 proni·

298 3221 361 3267 mos
384 3212 502 3269 nostros
524 3207 682 3282 diligemus
704 3214 737 3270 ut
760 3223 815 3270 nos
837 3209 945 3286 ipsos?

353 3482 383 3544 ¹³)
401 3481 508 3548 Soood.
525 3481 666 3538 Herloro.
685 3485 757 3539 1586.
776 3487 830 3538 nrt.
846 3483 885 3536 iii.

449 3584 491 3636 39.
507 3584 585 3637 Pater
597 3584 706 3636 infantis
719 3585 826 3637 intersit
836 3583 932 3637 actioni
949 3583 1072 3647 baptismi
1090 3597 1121 3637 ac
1138 3583 1280 3650 coniungat
1298 3595 1389 3648 preces

397 3696 460 3736 suas
479 3695 537 3736 cum
555 3683 681 3736 Ecclesia.

447 3783 488 3835 io.
513 3783 587 3834 Petat
603 3782 727 3845 baptismi
745 3783 827 3834 testes
844 3780 964 3834 homines
982 3783 1040 3846 pios
1058 3784 1084 3835 et
1101 3782 1272 3836 orthodoxos.

446 3879 550 3956 Sonoct.
567 3877 687 3932 amdan.
722 3881 768 3933 20:
793 3879 951 3946 ‚decentem
969 3882 1011 3934 nei
1029 3881 1076 3934 der
1093 3882 1171 3933 Teon
1186 3893 1219 3933 nu
1235 3882 1309 3946 thum,
1326 3880 1390 3933 oder

397 3981 483 4046 nicht,
505 3981 566 4033 wirt
583 3981 651 4032 aucir
670 3979 845 4042 unisonarum
865 3981 1015 4044 geuchtetl‘
1049 3981 1095 4032 oc:
1125 3981 1178 4044 „So
1202 3980 1264 4032 aber
1286 3980 1328 4032 die
1345 3992 1392 4043 ge-

397 4080 496 4133 iatteru
517 4078 721 4141 suichergestait
746 4079 877 4131 erfordert
898 4079 1020 4144 werden,
1043 4079 1107 4132 dnsz
1125 4079 1164 4131 sie
1187 4079 1228 4130 die
1245 4090 1324 4140 sorge
1342 4076 1391 4128 dus

396 4179 459 4232 irind
476 4191 509 4232 zu
527 4179 707 4230 unterricirien
730 4179 783 4230 und
801 4191 834 4230 nu
851 4179 943 4232 ienren
960 4179 1009 4231 nul
1029 4177 1086 4230 sicin
1104 4180 1232 4242 uolumen,
1254 4177 1291 4230 ist
1307 4175 1391 4240 cotug,

395 4277 459 4330 dasz
477 4278 516 4332 sie
535 4277 636 4332 Glieder
653 4278 700 4330 der
715 4277 824 4332 kirchen
841 4276 927 4329 sind.“
