3156 5096
561 945 767 1010 CAPUT
799 945 864 1010 ΙΙ.

209 1114 272 1184 De
295 1108 397 1180 nerii
413 1106 530 1182 dicein·
550 1128 588 1184 et
604 1120 830 1186 sacramenti
850 1111 1033 1202 operandt
1054 1118 1205 1186 ratione.

608 1377 809 1390 Μ

246 1593 444 1654 Transeamus
471 1595 535 1670 janu
569 1590 607 1654 au
639 1592 783 1672 alterum,
816 1593 894 1672 quod
924 1593 1009 1658 nouis
1039 1597 1257 1676 proposuimus,

164 1731 255 1801 eaput
284 1725 321 1786 de
349 1725 436 1787 modo
464 1727 618 1802 utriusque
648 1727 764 1800 gratiae
795 1727 985 1788 instrumenti
1020 1726 1181 1790 efficaciae.
1224 1728 1256 1789 in

166 1859 222 1920 hae
249 1873 363 1935 quoque
392 1855 596 1934 disquisitione
624 1871 733 1932 magna
759 1861 860 1920 statim
889 1861 1095 1921 conuenientia
1121 1857 1204 1920 uerbi
1227 1864 1258 1920 et

165 1993 342 2052 sacramenti
361 2006 394 2051 se
416 1989 514 2052 offert.

248 2123 343 2186 Primo
367 2121 485 2200 quidem
507 2126 593 2183 extra
620 2137 706 2184 omne
728 2124 856 2199 positum
879 2128 927 2184 est
950 2123 1087 2202 dubium,
1115 2121 1206 2187 uerbo
1228 2127 1259 2186 et

170 2259 350 2318 sacramento
373 2254 449 2316 dona
472 2253 569 2315 diuina
599 2270 656 2316 uon
685 2253 780 2316 solum
803 2255 934 2333 promitti
965 2259 995 2315 et
1024 2253 1176 2328 obsignari
1205 2253 1258 2315 sed

171 2390 255 2449 etiam
284 2385 433 2465 exhiberi,
468 2387 493 2447 si
522 2385 654 2461 legitimo
683 2387 720 2447 iis
748 2385 857 2447 fruitur
885 2401 949 2446 usu.
992 2387 1069 2448 Sunt
1099 2387 1179 2448 euim
1206 2385 1258 2448 Dei

168 2519 364 2582 institutiones
386 2523 474 2599 pocta
495 2517 665 2581 liberrimus
686 2518 922 2597 misericordiae,
949 2534 1025 2596 quae
1047 2518 1084 2580 ab
1107 2517 1258 2580 hominum

172 2649 318 2711 uoluntate
346 2651 390 2712 uei
418 2653 646 2729 praeparatione
675 2648 844 2726 dependere
877 2666 936 2712 nou
964 2654 1099 2727 possunt.
1144 2649 1257 2727 Utrique

172 2783 273 2860 igitur,
303 2799 417 2860 semper
446 2788 477 2845 et
504 2782 656 2859 omuibus,
686 2783 783 2859 impiis
806 2781 911 2858 etiam,
940 2780 1074 2842 Christus
1096 2780 1257 2859 pronubis

168 2913 321 2976 crucifixus
349 2921 380 2977 et
408 2931 486 2977 nuno
512 2918 541 2976 in
569 2915 663 2991 gioria
691 2929 822 2990 regnans
844 2912 985 2992 offertur,
1016 2913 1175 2976 exhibetur
1202 2931 1257 2992 per

170 3046 284 3108 uerbum
308 3053 338 3109 et
358 3053 588 3110 sacromentum.
632 3047 693 3120 Qua
722 3051 752 3109 iu
776 3047 910 3110 doctriua
937 3063 1041 3109 onrnes
1069 3045 1257 3120 euangelicos

165 3181 322 3241 convenire
345 3179 440 3260 decet,
461 3183 657 3259 convenitque
678 3195 746 3241 cum
768 3179 896 3241 Luthero
918 3178 1064 3240 Calvinus.
1083 3208 1124 3218 -
1146 3176 1258 3237 Eadem

163 3311 320 3374 eoncordia
353 3317 416 3375 totu
448 3313 574 3376 eeclesia
608 3312 778 3389 euangelica
815 3312 892 3375 hanc
924 3309 1085 3374 secundam
1118 3312 1256 3372 conueni-

162 3445 275 3505 entium
298 3443 380 3506 uerbi
409 3450 440 3506 et
466 3447 646 3508 sacramenti
669 3445 771 3522 docet,
801 3460 859 3522 qua
887 3447 1042 3521 utriusque
1071 3443 1186 3516 gratiae
1212 3443 1257 3501 iu·

161 3579 324 3638 strumenti
346 3577 473 3640 effecius
495 3577 660 3640 salutarie
683 3593 700 3640 a
722 3574 913 3638 credentibus
935 3575 1006 3638 solis
1035 3575 1199 3652 accipitur3
1228 3574 1258 3636 iu

159 3707 300 3771 fidelibus
321 3725 391 3774 vero
421 3715 452 3773 et
471 3709 595 3774 verium
622 3715 652 3772 et
672 3714 892 3778 sacramentum
923 3707 1026 3789 κρίμα
1050 3712 1104 3768 est.
1148 3706 1257 3768 Liuine-

161 3893 464 3908 *mn—-

265 4036 321 4089 toto
344 4037 587 4102 trimestrium,
613 4040 706 4091 contra
732 4048 840 4090 suorum
863 4048 920 4090 mos
944 4039 994 4089 hae
1015 4035 1092 4102 nnpis
1115 4034 1259 4088 assentitur

264 4135 447 4189 confessione:
481 4139 535 4202 „So
558 4137 594 4190 isi
617 4135 686 4190 deun
710 4135 757 4189 tias
779 4135 854 4189 Wort
877 4135 1021 4198 niierdings
1044 4135 1070 4186 in
1092 4133 1259 4185 mehriucirer

267 4233 418 4298 Bezieiruug
440 4235 600 4301 mititiam,
625 4236 665 4288 ais
688 4234 735 4286 rias
759 4233 941 4287 summouit*
982 4232 1107 4288 zeitschr.
1129 4229 1173 4283 iiir
1193 4231 1259 4284 luth.

264 4313 353 4386 numu.
373 4333 445 4388 roso.
462 4345 488 4420 p.
505 4335 546 4386 sr.
