3156 5096
820 482 864 552 12

293 715 411 773 sextum
447 709 593 786 evangeiii
629 705 793 771 secundum
827 705 982 787 ioannem,
1018 723 1056 770 ex
1093 723 1152 788 quo
1184 709 1250 774 iuce
1277 709 1387 774 cirrins

293 841 488 904 demonstrari
517 844 635 920 posset,
663 841 694 901 in
722 836 845 902 verbum
867 837 976 900 christi
1008 836 1182 902 credentem
1211 842 1386 918 participem

293 989 410 1052 quoque
441 972 504 1034 beri
538 975 635 1034 carnis
669 971 778 1032 Christi
810 969 1003 1050 vivificantis,
1031 970 1088 1034 hoc
1124 971 1189 1034 ioco
1221 973 1386 1049 praeterire

293 1103 408 1183 piacet,
437 1107 507 1182 puta
537 1103 659 1178 longum
689 1107 736 1164 est
766 1108 928 1181 nostroque
956 1105 1072 1164 muneri
1097 1117 1203 1180 parum
1238 1105 1386 1180 convenit,

293 1234 477 1298 adversarios
511 1235 559 1297 iric
593 1234 747 1313 refellere,
781 1236 832 1313 qui
866 1235 955 1296 alium
989 1233 1046 1297 sibi
1080 1234 1197 1310 tingunt
1236 1235 1386 1308 exegesim

292 1365 445 1428 Neminem
459 1381 529 1430 vero
546 1369 694 1429 sincerum
708 1365 814 1442 fugere
835 1370 945 1445 potest,
966 1366 1163 1446 Apocalypsin
1184 1366 1385 1428 firmissimum

293 1513 361 1560 esse
399 1501 565 1562 sententiae
597 1507 717 1562 nostrae
749 1498 985 1563 fundamentum.
1038 1497 1108 1571 Quis
1147 1498 1244 1562 ntibuc
1276 1513 1386 1574 negare

291 1629 391 1709 veliet,
414 1629 549 1693 fidelibus
580 1629 778 1708 perverbum
804 1629 914 1692 Christi
940 1629 1017 1692 idern
1041 1629 1171 1695 coeleste
1198 1630 1309 1706 porrigi
1333 1627 1385 1690 aii·

291 1765 439 1840 mentum,
461 1776 550 1839 quam
572 1764 652 1825 socio
673 1777 777 1824 sacrae
797 1777 908 1826 coenae
930 1763 1082 1824 conuiuii?
1111 1762 1180 1823 Suis
1201 1758 1298 1822 verbis
1320 1759 1385 1820 Sai-

291 1899 377 1956 yator
403 1895 563 1972 promittit:
598 1896 642 1955 »si
680 1895 746 1972 quis
773 1893 901 1956 audierit
928 1909 1030 1956 rocem
1058 1909 1155 1955 meam
1182 1898 1212 1953 et
1236 1891 1387 1970 aperuerit

291 2025 416 2104 ostium,
438 2024 589 2100 ingrediar
609 2024 646 2087 ad
669 2041 736 2086 eum
759 2029 791 2086 et
809 2023 939 2088 coenabo
962 2041 1029 2088 cunr
1051 2029 1136 2088 eoet
1157 2027 1384 2103 ipsemecum«

290 2155 396 2232 (Apoc.
416 2153 446 2233 3,
463 2154 538 2228 io).
571 2157 631 2218 iarn
645 2155 846 2218 Lutberanum
868 2155 1015 2234 quendum
1037 2155 1215 2217 ciamantem
1236 2153 1332 2232 autito,
1354 2155 1385 2214 in

290 2286 426 2349 omnibus
447 2289 512 2349 istis
533 2290 699 2366 scripturae
722 2288 794 2351 iocis
821 2289 960 2351 unionem
985 2291 1101 2350 tanturn
1123 2286 1298 2362 mysticam,
1325 2299 1382 2346 noo

290 2432 356 2480 eam
376 2433 446 2480 vero
468 2433 584 2480 sacram
606 2421 900 2482 communicationem
928 2419 1027 2479 carnis
1048 2421 1079 2478 et
1099 2418 1254 2491 sauguinis
1275 2415 1385 2478 Christi

290 2549 399 2628 doceri,
420 2564 496 2627 quae
517 2548 675 2612 exhibetur
695 2548 930 2626 obsignaturque
950 2546 1101 2624 omnibus,
1123 2550 1174 2626 qui
1195 2546 1233 2609 od
1248 2552 1385 2609 sanctum

290 2680 407 2743 coenae
436 2681 555 2758 cpuiunr
588 2681 777 2743 accumbunt.
831 2679 873 2743 Nc
905 2679 942 2741 tie
975 2679 1072 2742 verbis
1104 2685 1221 2742 tantum
1253 2679 1384 2758 dispute-

289 2827 371 2891 mus,
400 2827 507 2876 nomen
536 2816 681 2887 mysticae
709 2815 826 2876 unionis
852 2828 911 2874 non
939 2813 1042 2889 rejicio
1063 2810 1201 2889 quidem,
1234 2810 1288 2872 sed
1317 2825 1383 2873 sus-

289 2945 370 3006 tineo
399 2945 508 3021 optimo
542 2946 621 3023 jure,
641 2947 780 3007 unionem
807 2943 916 3006 curisti
945 2957 1011 3004 cum
1041 2941 1177 3004 fidelibus
1205 2943 1384 3004 sacramenti

289 3074 386 3137 metito
408 3073 545 3137 effectam
568 3048 656 3137 eiiam
678 3091 738 3140 non
760 3087 937 3153 essequam
960 3073 1037 3136 bnnc
1058 3076 1197 3136 unionem
1219 3076 1383 3148 mysticam.

289 3209 327 3268 Ut
362 3206 499 3269 iideiibus
531 3207 671 3286 baptismi
706 3212 895 3270 sacramento
925 3222 984 3269 non
1017 3206 1075 3268 aiia
1106 3205 1282 3281 obsignatur
1302 3205 1384 3268 saius

288 3354 377 3417 quam
400 3337 506 3416 verbo,
538 3341 581 3400 ita
604 3341 720 3402 Coenae
746 3337 905 3400 κοινωνία
925 3355 992 3402 cunr
1014 3337 1132 3400 Christo
1155 3335 1259 3399 eadem
1279 3343 1326 3399 est
1347 3350 1383 3397 ac

288 3469 380 3532 verbi.
424 3469 508 3532 ituiio
531 3473 609 3533 enim
631 3471 695 3533 ioco
715 3471 868 3550 Scriptura
889 3485 944 3532 nec
965 3468 1040 3532 tiuas
1060 3469 1176 3530 unionis
1198 3465 1382 3530 credentium

289 3618 354 3664 curn
377 3601 494 3666 Christo
515 3605 646 3682 species,
677 3619 732 3665 nec
753 3603 827 3665 duas
849 3605 913 3664 vius
932 3601 979 3664 vel
1003 3602 1134 3664 rationes
1155 3597 1193 3660 ad
1215 3611 1281 3658 eam
1302 3611 1382 3658 com·

287 3735 516 3796 munientionem
536 3732 775 3813 consequendam
796 3733 891 3796 docet.
934 3732 1004 3806 ouis
1025 3745 1156 3811 unquam
1177 3729 1382 3791 demonstrare

288 3869 455 3943 conaretur,
477 3867 615 3928 unionem
638 3865 781 3927 ecciesiae
810 3880 877 3926 curn
907 3863 1038 3942 Christo,
1061 3861 1098 3924 tie
1120 3877 1178 3940 qua
1203 3863 1233 3923 in
1257 3860 1381 3939 epistota

288 3993 326 4055 ad
349 3993 493 4072 Ephesios
518 4011 616 4058 sermo
639 4001 694 4074 est,
716 3991 762 4074 (5,
773 3993 824 4059 29.
836 3993 903 4071 30),
926 3999 1113 4057 sacramento
1133 3998 1249 4055 tontum
1277 3991 1381 4055 efficii

287 4125 463 4189 Rectissime
477 4125 641 4201 Stierius*)
663 4133 797 4207 annotat,
816 4126 872 4191 hoc
889 4127 953 4191 loco
970 4128 1109 4190 unionem
1131 4127 1286 4200 mysticam
1307 4119 1379 4182 iide-

293 4243 591 4257 o—m——a

312 4350 316 4360 ,
338 4291 369 4357 *)
390 4297 435 4352 iiie
453 4293 592 4351 Gemeinde
618 4297 644 4351 in
662 4297 767 4352 cbristo
790 4298 848 4351 iesu
865 4297 895 4363 u,
913 4295 971 4349 ait.
990 4295 1127 4362 „Sontiern
1150 4308 1178 4347 eo
1204 4293 1240 4344 ist
1256 4291 1380 4354 gemeint,
