3156 5096
857 449 906 522 att

416 677 446 740 lu
465 677 571 740 iisdem
586 675 753 751 theologiae
772 674 951 738 lutheranae
966 673 1210 754 ephemeridibus
1231 679 1324 744 alius
1341 681 1470 760 quidam

333 807 512 890 proluudam
534 811 613 874 iuter
634 807 757 872 terhuur
781 811 812 870 et
833 813 1052 870 sacramentum
1074 807 1268 874 discriminis
1294 815 1470 876 veritatem

334 941 382 1004 his
403 940 501 1004 verhis
521 944 552 1004 iu
573 941 669 1004 iucem
691 940 827 1020 prolerre
844 946 949 1020 putat:
970 939 1044 1021 „llic
1063 940 1279 1008 Saliramente
1298 945 1377 1008 siud
1399 961 1469 1008 zum

335 1074 549 1138 Unterschiede
569 1089 637 1136 rom
658 1072 760 1136 Worte
783 1073 887 1137 Gottes
909 1072 1122 1154 llandluugen,
1152 1074 1202 1138 die
1237 1075 1304 1138 das
1337 1080 1468 1153 geist·

336 1205 636 1271 lich-leihlichc
659 1203 1263 1285 111111111111111111111111111111111.“’)
1289 1208 1383 1272 llaec
1404 1214 1465 1271 tam

336 1339 484 1421 protunda
507 1339 657 1404 distinctio
678 1354 801 1418 pmrsus
822 1338 904 1402 nulla
926 1345 989 1416 est,
1012 1343 1046 1402 ut
1067 1355 1126 1402 non
1146 1338 1251 1402 solum
1278 1355 1324 1402 ex
1348 1345 1463 1402 natura

337 1474 454 1535 unionis
482 1473 626 1547 mysticae
656 1486 747 1550 supra
776 1472 930 1550 expositae
958 1476 989 1534 et
1015 1485 1074 1535 non
1102 1473 1200 1534 miuus
1232 1487 1300 1550 per
1331 1471 1463 1534 verhum

336 1619 425 1684 quatu
448 1619 503 1682 per
522 1608 741 1666 sacramentum
758 1607 909 1682 operatae,
931 1602 985 1666 sed
1002 1604 1092 1666 etiarn
1109 1618 1147 1666 et
1164 1601 1301 1666 disertis
1321 1603 1376 1666 his
1393 1603 1460 1666 Sal·

336 1739 448 1800 rntods
464 1735 563 1798 terhis
578 1739 711 1814 apparet.
750 1733 850 1798 »llaec
871 1739 918 1797 est
941 1739 1050 1814 autent,
1071 1737 1176 1815 iuquit,
1199 1736 1360 1799 voluntas
1382 1737 1460 1813 ejus,

337 1871 387 1949 qui
408 1871 488 1932 misit
511 1884 568 1946 me,
589 1872 622 1930 ut
638 1869 772 1947 quisquis
788 1869 838 1947 qui
855 1869 1000 1945 conspicit
1014 1867 1119 1930 Filium
1137 1871 1167 1930 et
1186 1865 1317 1928 credit
1339 1871 1373 1930 in
1388 1881 1457 1928 euru

336 2000 448 2064 haheat
481 2003 573 2064 vitam
606 2007 759 2065 aeternam
793 2005 824 2064 et
851 2002 992 2064 suscitem
1019 2000 1117 2078 ipsum
1145 1999 1255 2064 ultimo
1289 2000 1347 2064 illo
1376 1993 1455 2061 dle.“

337 2130 444 2213 (11.6,
466 2127 533 2206 tu.)
576 2133 627 2194 llis
651 2135 729 2196 enlm
749 2131 829 2195 clare
850 2131 1061 2210 evidenterque
1084 2129 1269 2213 ostenditur,
1294 2130 1387 2194 rerhi
1411 2129 1453 2190 di·

337 2268 397 2328 rint
420 2265 583 2331 eliicaciam
605 2281 712 2344 corpus
733 2281 851 2345 quoque
879 2267 1045 2344 attingere,
1067 2279 1134 2327 oum
1157 2265 1252 2330 etiam
1275 2267 1328 2328 tris
1350 2278 1450 2326 resur·

340 2400 483 2462 rectionis
505 2413 522 2460 a
544 2398 636 2461 rerho
657 2397 816 2458 derivetur.

422 2530 532 2594 Eodem
554 2529 620 2592 iere
642 2534 819 2606 argumento
846 2528 994 2592 refellitur
1015 2527 1183 2592 diliereutla
1210 2530 1300 2594 inter
1322 2527 1447 2592 effectus

339 2664 421 2730 rerhi
442 2669 473 2729 et
492 2665 682 2743 sacramenti,
705 2677 793 2742 quam
811 2662 868 2726 sihi
883 2664 989 2726 statuit
1003 2661 1187 2725 Hoimauuus
1208 2657 1259 2735 **)
1307 2659 1446 2736 Quamuis

341 2800 421 2862 enlm
442 2795 652 2876 concedamus,
672 2795 777 2858 fideles
798 2798 881 2859 carui
905 2811 1023 2876 quoque
1041 2795 1149 2858 christi
1170 2794 1337 2869 glorificati
1360 2791 1442 2866 uniri,

341 2936 442 2993 tamen
463 2931 542 2994 omni
565 2931 633 3007 jure
661 2944 823 3006 negamus,
854 2926 944 2990 talem
974 2926 1113 2990 enectum
1139 2926 1212 2990 solis
1238 2924 1440 2992 sacramentis

341 3079 409 3124 esse
430 3061 635 3140 trihueudum,
668 3075 758 3138 quum
778 3062 854 3122 satis
875 3074 1025 3138 superque
1047 3056 1284 3124 demonstratum
1308 3063 1368 3139 sit,
1391 3069 1440 3118 nos

340 3194 431 3258 rerho
454 3207 572 3274 quoque
593 3193 691 3256 diviua
721 3195 799 3256 uniri
821 3194 875 3255 iuti
898 3191 1014 3254 Christo
1038 3191 1196 3254 ririhcautl
1225 3195 1255 3253 et
1277 3191 1436 3270 participes

341 3327 406 3390 ileri
433 3333 558 3390 naturae
586 3325 735 3388 humanae
764 3324 948 3399 glorificatae
978 3323 1149 3386 saluatoris.
1172 3351 1214 3366 —1
1241 3324 1318 3386 lluic
1351 3315 1436 3401 priori

341 3461 539 3540 disquisitioni
554 3460 643 3522 linem
660 3462 807 3540 ponentes
823 3457 958 3522 conliteri
971 3455 1123 3537 dehemus,
1142 3458 1303 3520 stammam
1322 3451 1435 3535 quiden
1532 3447 1533 3450 ’

341 3611 410 3658 esse
430 3591 514 3656 uerht
536 3599 566 3655 et
594 3594 774 3656 sacramenti
802 3593 1054 3670 convenientiam,
1083 3588 1137 3652 sed
1159 3589 1217 3668 ilii,
1245 3594 1279 3650 ut
1301 3583 1434 3650 11111111·

342 3731 527 3805 strumento,
554 3727 698 3802 majorem
728 3724 828 3787 allec
857 3723 957 3786 datam
985 3739 1052 3786 esse
1081 3722 1244 3785 efficaciam
1273 3726 1305 3782 et
1333 3711 1433 3780 salutis

342 3861 513 3940 primariam
535 3861 747 3938 operationem.
760 3853 822 3928 m)

585 3998 641 4006 -α

399 4075 430 4138 *)
447 4076 535 4138 Jahrg.
556 4075 628 4127 1850.
645 4074 785 4126 Februarh.
804 4086 828 4137 p.
846 4075 886 4128 78.

378 4175 425 4237 ¹³²ss)
444 4174 573 4240 li'eissag.
591 4174 643 4227 uud
661 4173 771 4236 Erihllg.
787 4173 816 4227 11.
834 4186 859 4237 p.
878 4173 935 4226 238.
953 4173 1011 4226 239.

361 4274 426 4336 rae)
444 4274 612 4328 Clarissimus
626 4272 695 4339 luris
711 4273 849 4326 consultus
859 4272 1024 4337 ilusehiteus,
1042 4271 1162 4337 quamvis
1173 4272 1328 4326 lutheranae
1340 4263 1429 4315 causti
