3156 5096
845 442 888 512 16

313 674 500 750 censuimus,
544 681 715 734 communes
751 673 823 732 wat
856 669 984 750 umque.
1037 669 1097 736 sei
1126 677 1222 737 restat
1248 689 1307 738 uon
1334 675 1408 745 leals

315 803 471 866 diversitas
492 814 568 880 quae
593 801 658 878 jana
687 804 734 863 est
754 799 894 865 nounda.
930 800 1001 864 cum
1024 802 1153 867 nondum
1173 805 1210 869 tle
1230 805 1299 870 llilel
1321 807 1407 886 dono,

314 949 373 1013 quo
393 934 470 995 elcut
490 945 579 994 manu
609 931 769 1010 accipimus
790 933 904 1007 grattas
926 931 1057 1014 elluinus,
1084 951 1182 1000 sermo
1203 937 1308 1018 tuerit,
1328 898 1406 1004 nunc

314 1061 514 1144 quaerendum
536 1066 599 1138 cst,
632 1065 732 1124 utrum
764 1063 840 1124 1111111
871 1063 940 1126 dont
972 1064 1095 1129 uerbum
1125 1066 1222 1131 solum
1249 1083 1287 1132 an
1316 1072 1405 1134 ellan

313 1199 533 1256 sacramentum
564 1194 604 1254 sit
636 1206 777 1267 organon.
833 1192 890 1256 lllli
909 1193 1005 1276 hane,
1037 1195 1088 1260 nlll
1131 1197 1212 1262 illam
1240 1204 1406 1278 sequuntur

312 1327 500 1388 sententiam.
543 1322 687 1403 Equidem
707 1337 766 1388 non
787 1323 890 1388 tullio
912 1341 1013 1392 corum
1032 1332 1150 1406 partem
1170 1329 1326 1409 amplecti,
1355 1333 1405 1410 qui

312 1457 404 1520 verbo
424 1461 540 1519 tantuna
554 1454 643 1516 fidem
660 1459 693 1517 ut
706 1453 802 1519 medlo
825 1455 960 1520 tribuunt
980 1458 1088 1523 illrino.

410 1590 541 1652 Primum
563 1589 693 1650 oninium
712 1590 867 1668 scripturis
883 1588 1039 1672 nocemur,
1064 1589 1187 1654 verbum
1210 1607 1277 1654 esse
1294 1593 1404 1656 lustru

310 1729 461 1800 mentum,
492 1735 549 1799 quo
571 1720 699 1798 Splrltus
738 1725 861 1783 sanctus
892 1723 923 1784 ln
952 1720 1120 1786 homullus
1150 1723 1404 1808 illuminationem,

309 1855 544 1931 conversionem,
565 1851 655 1914 tinem
672 1858 826 1930 operatur.
869 1852 985 1934 Quare,
1005 1858 1039 1916 ut
1059 1856 1105 1918 vta
1125 1855 1293 1920 iuunlnans
1314 1856 1402 1922 deuo·

311 1991 402 2064 tet-ur‚
424 1987 454 2048 ln
476 1983 571 2048 altera
592 1981 673 2046 Petri
696 1984 822 2062 epistola
837 2000 936 2048 sernno
957 1984 1149 2066 propheticus
1170 1986 1291 2050 lucerua
1305 1987 1402 2066 splen

310 2117 384 2180 (lens
420 2118 451 2180 la
478 2115 604 2182 obscuro
640 2115 705 2180 loco
733 2118 917 2196 nominatur,
938 2115 1105 2196 usquedum
1126 2116 1190 2180 iias
1218 2117 1405 2182 illucesceret

181 2335 185 2344 Ι
310 2254 342 2314 et
362 2248 468 2314 lucifer
488 2250 654 2311 exoriretur
673 2249 705 2310 ln
736 2246 874 2313 cornilius
897 2245 1028 2324 (tour.
1050 2245 1169 2328 l,19).
1212 2247 1245 2313 Sl
1275 2263 1346 2314 vero
1371 2250 1403 2312 la

309 2381 455 2442 tereralnc
474 2377 639 2459 prophetae
660 2375 736 2441 llltro
758 2377 900 2442 Dominus
921 2380 1105 2454 interrogat:
1127 2379 1249 2445 »Nonne
1269 2381 1313 2442 sic
1333 2383 1404 2445 suut

310 2511 390 2576 nicta
416 2525 483 2574 inea
504 2514 537 2572 ut
558 2511 652 2590 lgnls,
683 2513 775 2588 utque
798 2513 914 2588 petram
944 2509 1112 2575 diffundens
1133 2510 1276 2577 malleus«
1300 2510 1404 2577 cancia

309 2643 445 2709 efficacia
483 2641 573 2704 uerbo
623 2639 776 2719 tribuitur,
817 2654 906 2720 quana
942 2642 974 2705 ln
1016 2641 1143 2720 epistola
1183 2640 1222 2705 ai
1252 2641 1404 2711 Hebraeos

310 2770 452 2854 (412),
481 2772 532 2836 ubl
560 2789 657 2838 sermo
686 2772 740 2836 liet
773 2771 890 2848 gladius
926 2771 1034 2834 dicitur
1067 2774 1272 2850 penetrautlor
1297 2773 1403 2851 *quevis

305 2905 406 2984 glutto
435 2907 574 2984 utrinqne
602 2903 755 2969 scannte
784 2908 815 2966 et
843 2904 1016 2982 pertingens
1038 2918 1133 2982 usque
1163 2902 1201 2966 ait
1231 2902 1404 2984 nantuacus

309 3040 426 3102 animae
447 3040 479 3098 et
498 3037 619 3113 spiritus
640 3035 885 3114 compagumque
914 3040 946 3096 et
965 3033 1176 3112 medullarum,
1203 3048 1239 3096 nc
1260 3033 1404 3098 discretor

308 3169 522 3245 cogitationum
544 3170 575 3229 et
594 3168 791 3232 intentionum
813 3164 920 3230 cordis.
969 3164 1043 3238 nuit
1068 3165 1177 3230 elutus
1198 3163 1254 3226 lunc
1286 3166 1402 3242 expost-

308 3303 389 3367 tione
425 3314 492 3362 esse
526 3298 653 3378 potest?
684 3295 866 3372 Imaginibus
902 3296 1001 3360 malici
1036 3301 1066 3360 et
1099 3295 1191 3372 gladii
1227 3265 1403 3364 describitur
1463 3295 1470 3306 '

307 3431 390 3494 rerltl
419 3430 510 3492 nivini
530 3431 575 3491 uls
605 3432 636 3490 et
664 3426 789 3490 enectus
816 3426 854 3490 ai
882 3430 1105 3491 conversionem
1133 3425 1323 3506 operandam.
1366 3427 1403 3488 tlt

307 3564 386 3625 enlm
410 3562 527 3622 sincere
548 3559 586 3621 ud
608 3558 701 3622 Deum
717 3565 933 3639 convertamur,
954 3575 1013 3622 uon
1033 3559 1140 3622 leviter
1162 3574 1215 3622 nos
1242 3561 1335 3637 pungi
1356 3556 1403 3620 rel

306 3694 466 3771 lancinarl,
489 3691 542 3754 scil
563 3693 682 3769 penitus
704 3691 853 3753 vulnerari
873 3696 998 3769 oportet.
1039 3689 1197 3769 Nunquam
1219 3694 1281 3752 tota
1303 3693 1402 3750 mente

306 3824 464 3903 credimus,
485 3826 542 3886 nlsl
556 3824 718 3902 spiritualis
732 3822 824 3900 gladii
845 3825 909 3886 acle
921 3828 1006 3886 vetus
1021 3826 1123 3886 noster
1143 3821 1230 3883 lromo
1248 3819 1401 3883 coniectus

302 3957 413 4036 tuerit,
434 3958 476 4022 lta
498 3961 532 4021 ut
551 3958 654 4021 mortls
676 3961 817 4020 aeternae
837 3972 928 4018 sensu
945 3956 1087 4034 prostrati
1101 3951 1186 4028 actis
1208 3952 1282 4014 niort
1304 3949 1400 4012 illscn·

305 4104 381 4151 mus.
412 4088 523 4150 Paulus
552 4088 693 4166 dentque,
724 4087 802 4150 lolem
832 4086 1026 4165 quinarium
1049 4084 1101 4146 liei
1126 4083 1210 4146 titulo
1232 4079 1399 4160 magnilica,

306 4238 373 4284 esse
403 4224 568 4302 potentiam
593 4220 663 4297 Del,
691 4223 793 4297 ornat,
816 4218 882 4282 eills
904 4218 976 4281 locis
997 4215 1159 4295 praelicat,
1181 4212 1284 4294 tilena-
1299 4214 1401 4276 uenire
