3156 5096
822 472 867 542 tu

295 707 400 784 spatiis
429 707 499 764 sunt
536 643 736 778 ieiunumst)
774 697 926 776 Christus,
961 695 1031 758 lieet
1064 697 1159 760 loonnr
1197 712 1256 760 uon
1286 703 1392 780 mutet,

296 851 350 896 sua
376 833 414 897 al
443 849 497 896 nos
518 835 628 894 virtute
651 829 819 909 descendit,
841 834 874 890 ut
895 843 951 890 nos
974 827 1174 891 essentialiter
1194 843 1317 908 corpore
1336 845 1391 896 suo

296 965 433 1027 vivificet.
483 965 546 1026 lion
575 979 663 1026 secus
692 977 727 1025 ae
756 961 838 1024 vitali
867 959 939 1024 solis
967 959 1067 1022 ealore
1088 975 1142 1038 per
1183 959 1282 1022 radios
1303 977 1390 1038 vege·

298 1103 412 1175 mmor,
432 1099 474 1159 ita
494 1096 609 1158 viviliea
635 1093 721 1156 nobis
750 1099 797 1156 eet
825 1109 894 1156 earo
915 1090 1042 1170 Christi,
1065 1092 1153 1170 »quia
1175 1107 1213 1153 ex
1234 1063 1299 1170 ejus
1320 1092 1390 1154 sub·

299 1231 411 1292 stantia
437 1231 498 1290 rita
526 1230 557 1290 in
586 1227 700 1288 animas
728 1230 846 1288 nostrus
874 1223 1023 1302 prolata«
1037 1220 1082 1294 **)
1126 1223 1272 1286 loealter
1302 1225 1392 1298 igitur

299 1375 406 1438 cornus
429 1359 538 1421 Christi
567 1358 605 1421 nol
634 1375 688 1420 nos
711 1359 830 1420 minime
854 1357 946 1435 uenit,
968 1353 1047 1434 quod
1068 1354 1215 1418 Lutlrerus
1242 1358 1391 1434 sustinuit,

299 1491 460 1568 zwinglius
499 1494 619 1567 negauit
650 1523 692 1532 -
719 1494 826 1551 neuter
848 1491 926 1550 enlm
954 1488 1043 1550 aliam
1074 1488 1262 1566 praesentiae
1289 1502 1391 1564 eorpo-

298 1627 341 1686 ris
362 1626 513 1686 notionem
534 1621 637 1684 habuit
660 1653 699 1663 -
722 1620 777 1682 sel
809 1620 947 1698 realiter,
980 1619 1195 1697 essentialiter,
1218 1617 1392 1695 virtualiter,

301 1771 360 1835 qua
397 1757 512 1818 ratione
547 1754 686 1832 impletur
715 1755 746 1814 in
773 1750 877 1830 nolis,
912 1749 990 1830 quod
1016 1750 1103 1813 (locet
1131 1748 1300 1827 apostolus,
1327 1762 1393 1810 eunt

300 1902 355 1949 nos
377 1900 497 1948 earnem
520 1885 556 1946 tle
578 1885 686 1948 Christi
708 1900 797 1948 earne
830 1889 862 1946 et
882 1898 951 1947 ossa
972 1881 1010 1945 tle
1031 1880 1148 1945 ossibus
1170 1883 1235 1960 ejus
1257 1897 1325 1943 esse
1345 1895 1393 1944 as·

302 2019 386 2079 serit.
430 2015 520 2095 (Epir.
541 2014 576 2094 5,
596 2013 647 2079 29.
670 2013 736 2091 30.)

402 2147 511 2220 Quibus
528 2148 617 2210 relius
632 2147 736 2209 leviter
751 2150 865 2209 tantum
887 2147 1007 2208 attactis
1031 2176 1067 2188 -
1088 2161 1155 2207 eum
1171 2143 1207 2206 de
1222 2145 1258 2204 iis
1276 2141 1394 2204 uberius

303 2278 401 2341 (licere
423 2279 478 2342 hoc
500 2281 564 2342 locu
588 2296 685 2341 meum
706 2295 773 2342 esse
795 2295 854 2342 non
881 2280 977 2357 possit
1000 2309 1041 2320 -
1065 2276 1102 2340 ad
1133 2276 1260 2338 alterum
1279 2278 1395 2351 gratiae

302 2414 533 2472 instrumentum
544 2414 607 2487 jam
624 2417 809 2472 transeamus
823 2408 1078 2472 considerandum.
1121 2408 1263 2472 Mirabilia
1276 2423 1349 2471 sune
1366 2415 1396 2468 et

303 2558 393 2620 supra
415 2558 530 2605 omnem
553 2542 735 2604 intellectum
762 2546 898 2604 nostrum
925 2546 995 2609 suut
1021 2543 1200 2606 sacramenti
1222 2539 1315 2618 dona,
1343 2537 1397 2600 sed

303 2672 382 2734 haud
417 2677 530 2736 minora
566 2673 650 2736 nobis
685 2673 878 2738 conteruntur
911 2673 1116 2753 perverbum
1145 2674 1291 2751 diuinum,
1320 2669 1397 2750 quot

304 2811 350 2868 est
379 2806 504 2867 alterum
532 2806 648 2868 (livinae
676 2806 896 2871 misericordiae
923 2808 1160 2868 instrumentum.
1203 2804 1276 2876 Quin
1308 2804 1398 2864 etiam

305 2937 426 3000 eaedem
454 2942 525 2998 sunt
545 2936 627 2999 verbi
648 2953 683 3000 ae
706 2939 886 3002 sacramenti
913 2940 1038 3012 gratiae.
1073 2937 1150 2999 Nihil
1181 2939 1258 3000 enim
1280 2939 1310 2997 in
1332 2934 1396 2998 tlte·

304 3085 393 3132 sauro
415 3069 523 3133 Curilsi
546 3075 609 3149 est,
636 3070 715 3149 quod
738 3069 860 3132 verbnm
883 3070 935 3132 liei
967 3085 1026 3132 non
1057 3072 1227 3148 promittat,
1260 3084 1319 3131 non
1346 3082 1397 3129 en·

305 3200 406 3263 lrilreai
427 3201 473 3262 uel
497 3201 567 3262 dare
589 3204 692 3279 possit.
736 3202 811 3265 Tota
832 3203 980 3280 scriptura
1003 3202 1205 3264 testimonium
1227 3205 1289 3278 est,
1319 3197 1398 3279 quod

306 3333 395 3394 uerbo
425 3331 509 3394 nobis
538 3331 625 3393 letor
653 3333 787 3393 remissio
827 3341 1026 3410 peecatorum.
1063 3331 1173 3392 Deinde
1199 3346 1289 3410 quam
1316 3330 1398 3393 lucu-

305 3465 470 3526 leutissima
493 3464 577 3526 nobis
599 3469 804 3541 proponuntur
819 3463 995 3526 documenta
1016 3465 1046 3524 in
1068 3462 1269 3540 apostolorum
1291 3460 1399 3539 verbis,

307 3596 387 3658 nulla
408 3599 455 3656 uia
483 3611 536 3658 nos
560 3597 669 3656 certius
702 3595 740 3657 ad
760 3599 838 3658 vitae
866 3597 1103 3672 renuvationem,
1132 3594 1170 3658 ati
1198 3595 1398 3669 regeneratio·

307 3743 374 3792 uem
405 3727 470 3789 uoci
500 3743 587 3804 quiam
620 3726 675 3788 hoe
715 3727 808 3790 altero
846 3729 961 3802 gratiae
1004 3725 1110 3788 medio.
1163 3725 1265 3788 Nonne
1298 3723 1400 3787 iaudat

307 3858 430 3926 lacobus
452 3838 582 3936 (t,18)':
607 3859 653 3918 »ls
675 3861 743 3936 quia
766 3858 856 3920 uoluit
879 3861 1037 3938 progenuit
1061 3875 1115 3930 nos
1137 3871 1293 3917 sermone
1313 3856 1398 3916 aeri-

310 3995 427 4064 »lulte,
456 3996 489 4052 ut
516 4006 650 4052 essemus
671 3991 818 4068 primitiae
841 3990 987 4068 quaedum
1009 4006 1127 4068 uorum,
1159 3991 1398 4068 autumnavit«

358 4179 388 4241 *)
405 4180 505 4233 calvini
523 4180 660 4232 confessio
678 4179 738 4232 fluet
756 4179 787 4231 de
805 4180 883 4232 Ennii.
901 4191 944 4242 no.
961 4179 1057 4240 llenry.
1092 4179 1152 4231 Leto.
1172 4180 1242 4232 calu.
1260 4179 1279 4232 1.
1297 4177 1358 4230 lieil.
1377 4181 1400 4230 5.

342 4295 390 4360 l⁸)
412 4296 481 4351 calu.
500 4294 605 4360 letone,
616 4297 645 4348 ll.
664 4299 755 4348 eontra
773 4295 891 4356 ll'estnir.
908 4307 934 4356 l·
951 4295 990 4346 55Ἰ
1001 4298 1027 4346 et
1043 4294 1083 4348 82.
