3156 5096
679 453 727 524 38

236 681 290 744 iiis
309 678 518 759 sponsionibus
532 677 621 744 iactis
637 680 674 744 ab
691 682 892 755 eoonpetior's
912 697 947 744 ac
966 677 1122 758 fideliores
1141 701 1249 764 paren·

140 811 234 874 tibus
258 820 288 875 et
307 812 534 891 fidejussoribus
555 845 596 856 -
618 816 668 892 qui
690 819 789 876 iarneo
812 817 974 878 necessarii
996 831 1055 879 non
1077 815 1189 893 suut*)
1209 850 1250 860 -

141 946 269 1022 parvuii
289 945 436 1024 baptizari
459 951 584 1024 possunt
611 949 642 1008 io
671 949 788 1009 nornine
810 945 909 1008 Patris
932 952 962 1009 ct
983 947 1046 1009 Fiiii
1069 953 1098 1010 et
1122 949 1249 1026 Spiritus

141 1079 267 1154 sancti,
290 1080 323 1137 ut
343 1082 465 1154 postea,
488 1091 555 1138 cunr
577 1077 709 1155 ejusdem
723 1078 876 1142 Trinitatis
898 1080 1098 1144 misericordia
1121 1081 1159 1144 ad
1180 1097 1249 1142 eun·

142 1211 320 1271 versionem
337 1215 367 1270 et
383 1208 419 1270 ad
434 1207 522 1271 iidctn
538 1211 740 1286 evangelican]
757 1214 948 1289 pervenerint
966 1217 1056 1291 atque
1076 1211 1251 1273 liberrimo

146 1342 309 1403 voluntate
326 1356 433 1403 norueu
450 1340 559 1406 Chn'sti
575 1343 706 1421 profiteri
723 1343 924 1423 decreverint,
946 1360 1001 1424 pcr
1018 1344 1249 1407 confiruraiionis

153 1478 256 1534 actum
286 1437 422 1551 baptismi
451 1473 556 1536 foedus
585 1481 682 1538 rotun
704 1476 834 1540 babeant
855 1483 903 1556 et,
931 1483 965 1539 ut
984 1461 1118 1542 ¹membra
1141 1479 1250 1541 Christi

149 1604 335 1684 perfidem,
365 1605 403 1669 ad
423 1613 643 1672 sacramentum
665 1608 782 1672 Coeoae
804 1608 1008 1674 admittantur.
1052 1609 1143 1684 Quam
1172 1612 1248 1672 vianr

152 1741 359 1817 evangelicam
388 1755 475 1804 nenio
508 1741 677 1822 improbare
709 1749 825 1822 potest,
861 1745 912 1822 qui
943 1759 1002 1807 non
1032 1759 1099 1806 cuna
1127 1743 1250 1807 concilio

153 1873 317 1936 tridentino
346 1873 485 1951 parrulos
512 1889 567 1952 per
594 1873 774 1952 baptisnuur
804 1891 841 1937 ex
869 1891 958 1954 opere
985 1881 1108 1954 operato
1129 1881 1250 1938 renatos

150 2010 247 2084 putat.
260 2003 307 2082 **)

238 2139 299 2201 iiac
329 2137 529 2216 disputatione
559 2141 674 2201 certum
707 2137 792 2200 uobis
823 2136 985 2200 iudicatum
1014 2143 1061 2200 est
1091 2137 1248 2202 discrimen

152 2273 231 2335 inter
258 2269 341 2334 verbi
374 2275 405 2334 et
432 2273 610 2334 sacramenti
642 2267 825 2348 efficaciam,
858 2283 948 2347 quum
973 2271 1036 2347 jaon
1059 2273 1161 2346 negavi
1189 2286 1247 2333 uoo

151 2487 453 2500 m

207 2639 239 2700 ²⁸)
256 2641 329 2692 coni.
343 2640 447 2694 iitrbter
465 2640 635 2694 iiircirenord.
652 2641 681 2693 u.
697 2653 722 2703 p.
742 2642 799 2695 156.

193 2762 241 2824 bii)
260 2763 379 2820 omuibus
397 2765 525 2829 evangeiii
542 2765 598 2817 iiiii
615 2765 661 2818 iiei
676 2764 779 2829 iegibus
797 2768 946 2828 repugnant
963 2777 1030 2829 quae
1047 2763 1239 2816 Pouiiiicicrunr

250 2866 363 2928 Spiritus
381 2867 412 2919 de
430 2867 492 2918 iidei
513 2869 623 2932 natura,
648 2865 680 2918 de
704 2865 841 2918 coactione
864 2865 896 2916 ad
914 2864 992 2917 iidem
1016 2865 1108 2928 poeuis
1134 2867 1159 2916 in
1184 2877 1243 2916 eurn

250 2963 327 3018 tinem
340 2965 504 3030 adhibendis,
518 2966 550 3019 de
560 2965 758 3019 confirmatione
769 2965 795 3018 in
806 2965 915 3018 concilio
925 2964 969 3018 iiio
979 2964 1121 3017 tridentino
1132 2964 1245 3015 monime

250 3064 425 3120 abominando
443 3065 565 3118 sustinet,
597 3065 701 3118 Parvuli
719 3065 844 3127 baptizati
868 3077 883 3116 a
900 3063 1109 3117 Romanensibus
1127 3077 1180 3116 non
1198 3076 1242 3116 su·

249 3168 301 3220 iuna
319 3166 388 3218 inter
407 3163 511 3227 sidetes
533 3168 732 3228 computantur,
756 3164 887 3228 quamvis
905 3167 1005 3225 acturo
1023 3162 1165 3215 credendi
1185 3174 1243 3217 non

250 3265 390 3328 dubuerat,
416 3265 464 3317 sed
490 3265 568 3317 etiam
596 3278 611 3317 a
636 3263 832 3317 continuatione
856 3261 916 3314 iidci
943 3267 1065 3316 arcentur
1091 3265 1117 3315 et
1138 3263 1243 3326 puertia

248 3365 329 3430 diprct
338 3364 519 3426 dedicaretur
536 3365 564 3416 ai
576 3362 663 3426 fidem
680 3371 834 3417 comanam
850 3363 1013 3427 reliquunt,
1038 3374 1126 3425 qaum
1143 3361 1241 3414 adole·

248 3467 350 3519 verint.
383 3465 430 3530 „Si
448 3464 507 3529 quis
524 3463 634 3528 dixerit,
658 3463 742 3527 inquit
758 3460 910 3524 concilium,
927 3461 1007 3524 nujus
1025 3460 1097 3512 modi
1113 3462 1240 3523 parvulos

248 3563 410 3628 baptizatos,
438 3576 518 3628 pounr
549 3563 726 3624 adoleverint,
758 3559 959 3623 interrogandos
991 3572 1066 3625 esse,
1093 3573 1126 3613 an
1153 3565 1240 3614 ratum

248 3665 346 3718 habere
369 3665 450 3717 veiint
474 3663 543 3730 qnod
569 3663 664 3728 patrini
687 3675 777 3715 eorurn
803 3660 923 3726 nornine,
949 3660 1012 3713 durn
1034 3659 1241 3725 baptizarentur,

248 3765 357 3828 polliciti
381 3768 462 3831 sunt;
490 3768 517 3818 et
539 3765 584 3817 uiri
612 3765 635 3816 si
657 3765 725 3817 noiie
749 3763 947 3826 responderint,
974 3772 1023 3813 suo
1046 3773 1108 3813 csse
1131 3761 1240 3814 arbitrio

245 3865 449 3930 relinquendos;
472 3877 521 3917 nec
538 3865 590 3917 aiia
613 3865 719 3918 interirn
736 3874 822 3927 poena
844 3862 877 3915 ad
899 3861 1069 3915 christianam
1092 3861 1172 3912 vitant
1197 3873 1241 3913 co·

246 3963 361 4029 gendos,
383 3966 436 4018 nisi
459 3968 488 4017 ut
505 3965 537 4016 ab
555 3965 721 4018 eucharistae
743 3963 905 4026 aliorumque
929 3963 1154 4014 sacramentorum
1180 3971 1236 4026 per·

244 4063 364 4128 ceptione
380 4069 529 4130 arceantur,
547 4065 630 4117 donec
648 4064 819 4129 resipiscant:
837 4064 978 4115 anathema
991 4060 1051 4114 sit.“
1082 4060 1159 4112 conc.
1170 4058 1238 4110 Trid.

244 4163 334 4214 sessio
352 4165 401 4216 vii.
421 4165 453 4217 de
471 4177 583 4218 sacrorn.
601 4163 633 4215 de
651 4163 722 4226 bapt.
739 4176 796 4216 ean.
813 4163 874 4215 xiii.
917 4161 990 4214 coni.
1009 4159 1087 4213 etiarn
1111 4157 1144 4208 de
1166 4157 1239 4220 bapt.

246 4274 302 4314 can.
321 4264 381 4317 iiiii,
400 4264 432 4315 de
450 4263 599 4316 Continuat.
618 4277 674 4316 cun.
696 4265 711 4315 1.

1039 4342 1058 4405 3
