3156 5096
706 493 754 565 at

182 729 296 806 scripta
316 727 381 788 sine
400 726 529 804 partium
551 719 648 784 studio
676 719 827 796 legentem
855 720 1020 798 praeterire
1042 722 1159 798 potest,
1182 717 1277 782 Calui·

184 871 255 921 num
287 855 490 920 fidelissimum
527 869 594 916 esse
630 850 794 930 objectirae
831 853 1088 913 sacramentorum
1124 849 1278 926 dignitatis

184 994 444 1068 propugnatorem.
477 985 616 1048 »Certum
639 983 757 1062 quidem
780 987 836 1062 est,
858 984 955 1061 inquit
973 980 1161 1045 venerandus
1183 981 1277 1045 eecle-

184 1123 249 1183 siae
265 1121 446 1183 reformatae
464 1123 560 1198 puter,
583 1116 708 1194 offerri
727 1115 946 1175 communitior
964 1109 1115 1174 omnibus
1130 1112 1278 1176 Christum

184 1267 254 1314 eum
283 1253 354 1313 suis·
380 1251 481 1334 donis,
515 1261 578 1308 aec
609 1244 776 1307 hominum
806 1244 1046 1307 incredulitate
1075 1242 1281 1323 labefactari

185 1382 253 1444 Dei
270 1383 465 1456 veritatem,
494 1381 572 1456 quia
595 1393 731 1456 semper
752 1379 816 1440 uim
845 1393 942 1440 auam
962 1378 1136 1438 retineant
1162 1391 1279 1438 saara·

184 1518 315 1587 menta;
337 1512 390 1576 seu
409 1527 469 1574 non
488 1527 591 1574 omnes
607 1511 714 1573 christi
733 1516 764 1572 et
781 1510 924 1574 douomm
946 1512 1011 1589 ejus
1032 1513 1103 1573 suut
1124 1523 1278 1586 capuces.

184 1646 290 1724 ltaque
312 1659 358 1705 ea
379 1643 445 1703 Det
461 1646 564 1719 purte
585 1640 670 1702 aiiii
688 1645 858 1715 mutatur;
887 1647 1031 1721 quantum
1062 1657 1132 1706 vero
1161 1641 1199 1705 ad
1225 1641 1278 1705 ho·

186 1778 282 1838 mines
313 1779 446 1870 spectat,
478 1776 604 1852 quisque
632 1791 686 1853 pro
717 1774 786 1836 fidei
818 1789 890 1836 suae
913 1789 1075 1837 mensura
1096 1777 1232 1853 accipit«
1247 1771 1277 1846 *)

186 1907 298 1971 Deinde
319 1906 465 1984 quomodo
489 1907 678 1968 Martensenii
701 1908 850 1969 accusatio
872 1907 1060 1968 manifestius
1083 1905 1153 1970 dilui
1173 1908 1278 1984 possut,

185 2053 276 2120 quam
304 2036 362 2100 hac
390 2039 646 2112 argumentatione
675 2039 706 2098 in
735 2037 928 2100 celeberrima
956 2040 1170 2117 notissimaque
1191 2037 1277 2100 insti·

184 2173 301 2235 tutione
311 2166 358 2243 **)
379 2169 531 2244 religionis
551 2167 731 2232 christianae
751 2173 923 2249 proposita,
946 2169 1084 2249 equidem
1105 2185 1164 2232 uon
1184 2166 1279 2230 video.

184 2303 353 2376 ’Quantum
373 2302 473 2380 igitur,
496 2315 562 2362 cum
582 2301 620 2362 ad
634 2317 735 2365 veram
750 2303 857 2365 Christi
879 2305 1014 2366 notitiam
1030 2300 1160 2364 innubis
1176 2298 1279 2363 foren-

184 2436 270 2513 dam‚
292 2432 533 2511 confirmandam,
554 2434 731 2514 aagendam,
754 2441 816 2498 tum
839 2437 877 2498 ael
900 2453 966 2498 eum
988 2433 1104 2513 plenius
1125 2432 1279 2512 possiden·

185 2565 266 2642 tam,
277 2567 398 2643 eiusque
411 2563 528 2626 divitias
540 2564 775 2645 consequendas,
791 2567 907 2629 iliorum
920 2567 1083 2628 ministerio
1096 2563 1279 2641 adjuvamur,

187 2699 302 2757 tantum
319 2695 396 2774 apud
413 2711 468 2758 nos
487 2694 639 2757 efficaciae
658 2695 786 2758 habent:
808 2697 839 2758 itt
859 2703 959 2760 autem
982 2696 1026 2775 fit,
1048 2694 1098 2797 utri
1119 2693 1198 2773 quod
1219 2695 1279 2756 ittic

183 2825 307 2889 offertur
328 2843 399 2890 uera
421 2827 478 2888 tide
500 2830 686 2905 suscipimus.
728 2829 824 2908 Ergo,
852 2831 986 2910 inquies,
1009 2829 1039 2892 tt
1065 2827 1200 2890 efficiunt
1222 2843 1276 2890 sua

182 2959 397 3032 ingratitudine
418 2961 515 3039 impii,
536 2965 570 3021 ut
591 2961 675 3022 irrita
696 2963 736 3022 sit
759 2961 812 3024 liei
835 2960 996 3040 ordinatio,
1029 2978 1064 3024 ac
1085 2962 1115 3022 iu
1137 2958 1208 3021 nihil
1230 2974 1277 3019 ce·

183 3088 263 3150 dati
304 3089 478 3169 Respoudeo
506 3108 565 3153 non
593 3093 636 3154 sic
664 3093 891 3169 intelligendum
921 3095 997 3171 quod
1027 3094 1104 3171 dixi,
1133 3093 1217 3170 quasi
1240 3090 1277 3152 ab

183 3223 251 3299 ejus
273 3224 324 3301 qut
348 3226 454 3302 resipit
475 3223 642 3287 conditione
672 3230 726 3287 aut
755 3224 877 3289 arbitrio
905 3226 952 3287 uis
980 3228 1008 3287 et
1039 3225 1148 3286 veritas
1177 3237 1277 3284 sacra-

182 3357 276 3417 menti
294 3355 433 3432 pendeat.
475 3356 576 3419 tranet
595 3357 803 3420 euim-firmum
824 3356 904 3436 quod
917 3357 997 3419 Deus
1014 3359 1152 3432 instituit,
1174 3361 1276 3417 natur·

185 3503 292 3565 arnque
324 3502 409 3550 suam
435 3492 560 3569 retinet,
592 3495 741 3568 uteunque
773 3491 891 3552 varient
915 3487 1070 3551 homines:
1101 3485 1155 3548 sed
1187 3503 1276 3564 quum

182 3619 261 3681 atiud
283 3622 324 3681 sit
344 3618 469 3700 offerre,
500 3621 578 3684 aliud
600 3624 748 3701 recipere,
777 3621 850 3684 nihil
872 3620 971 3684 obstat
993 3622 1149 3698 quominus
1172 3634 1276 3682 couse-

181 3755 297 3813 cratum
318 3733 408 3818 uerbo
421 3754 536 3816 Domini
549 3755 719 3829 Symbolum
742 3759 782 3818 sit
802 3771 906 3818 revera
923 3752 1000 3833 quod
1021 3753 1136 3828 dieitur,
1159 3753 1277 3828 uimque
1321 3787 1324 3794 ·

182 3898 268 3946 suam
283 3892 450 3966 conseruet,
469 3887 549 3950 natta
564 3893 664 3952 tamen
678 3887 748 3952 iude
766 3888 879 3951 utilitas
897 3886 935 3949 ad
949 3886 1099 3949 hominem
1117 3885 1276 3946 seelestam

238 4201 270 4266 *)
288 4203 365 4256 cons.
383 4204 471 4267 rigor.
487 4206 547 4258 xiv.

225 4300 272 4363 **)
290 4303 345 4358 tin.
362 4305 401 4357 li.
422 4305 460 4357 14.
479 4304 519 4357 16.
