3156 5096
678 467 725 540 35

143 702 255 764 marutia
275 699 470 785 perlustranti
500 696 689 760 manifestum
711 702 775 778 est,
804 697 904 777 Papae
926 698 1081 775 theologos
1100 679 1139 762 tie
1159 700 1251 766 rectio

145 832 223 895 nihii
242 831 322 894 atiud
340 830 635 910 praedicamentum
652 829 723 892 uttte
740 846 808 892 esse
826 833 1053 893 instrumentum
1074 831 1111 894 ad
1130 831 1249 892 docen-

150 963 230 1023 dum
245 962 319 1043 quid
333 961 390 1024 sibi
404 961 495 1023 veiint
509 967 707 1041 sacramenta,
724 965 754 1024 in
769 961 875 1042 quibus
888 962 960 1026 sotis
975 966 1072 1025 omnia
1086 964 1162 1027 ione
1179 980 1264 1042 gm-

148 1098 210 1157 tioe
229 1065 349 1158 divinae
368 1100 401 1156 ιιι
419 1095 449 1155 iu
468 1092 609 1156 thesauro
630 1093 668 1156 ab
685 1093 820 1175 ecclesia,
841 1097 859 1156 i.
875 1111 901 1157 e.
920 1094 959 1158 ab
976 1095 1155 1176 hierarchia,
1178 1113 1249 1175 ape·

148 1227 256 1290 ciendo
276 1225 450 1290 abscondita
469 1228 548 1288 sunt.
593 1226 665 1288 Nam
684 1243 722 1288 ue
740 1242 774 1289 eo
793 1225 910 1305 quidem
925 1226 1026 1289 iocum
1044 1227 1129 1290 nobis
1148 1229 1248 1290 facere

149 1363 289 1437 possunt,
311 1358 388 1437 quod
403 1356 505 1420 uicum
526 1357 634 1421 »tidem
653 1373 690 1420 ex
705 1358 807 1420 auditu
822 1362 966 1439 concipi,«
989 1375 1078 1438 quum
1102 1363 1177 1423 satis
1198 1377 1248 1423 su·

151 1507 266 1572 perque
284 1494 420 1568 sciamus,
443 1489 520 1552 hanc
536 1489 624 1552 fidem
646 1505 854 1554 romanensem
873 1507 932 1557 non
951 1507 1019 1554 esse
1033 1492 1248 1571 justificantem

151 1629 183 1687 et
198 1623 359 1686 salutarem
379 1623 433 1684 seu
449 1621 543 1684 sotem
558 1622 702 1700 praebere
718 1624 869 1684 nuntiam
886 1624 1001 1705 salutis,
1020 1624 1150 1704 nihilque
1170 1641 1247 1705 esse,

152 1769 240 1835 quam
258 1769 412 1819 assensum
432 1751 601 1818 intellectus
620 1771 655 1818 ac
676 1755 764 1818 titiem
785 1754 867 1819 iiiam
889 1755 1108 1833 diabolorum,
1130 1757 1167 1820 eie
1188 1773 1247 1836 qua

151 1890 181 1950 tn
200 1887 356 1967 praeclara
376 1886 478 1950 iacobi
501 1889 626 1966 epistola
649 1891 757 1964 agitur.
800 1889 873 1952 Post
894 1905 946 1968 eu,
974 1905 1050 1969 quae
1073 1905 1163 1968 supra
1182 1893 1245 1969 jam

150 2019 187 2083 tie
206 2020 287 2083 verbi
310 2019 445 2082 efficacia
468 2019 698 2099 disputavimus,
720 2021 820 2084 multis
841 2021 941 2084 uerbis
963 2038 1037 2101 opus
1059 2037 1117 2086 non
1139 2029 1186 2084 est
1208 2021 1246 2084 ad

150 2157 212 2216 tum
233 2152 389 2232 insipidam
404 2153 571 2230 opinionem
587 2151 792 2231 refellendam,
815 2169 873 2231 quea
889 2169 975 2216 omne
991 2153 1148 2217 discrimen
1167 2159 1246 2218 iuter

151 2286 269 2349 verbnm
291 2285 422 2347 ιιιιιιιιιιιι
444 2289 475 2348 et
495 2285 655 2348 maranum
678 2285 800 2349 tollitur.
843 2287 907 2348 Non
928 2285 983 2348 abs
1008 2301 1042 2348 re
1065 2294 1165 2350 tamen
1187 2293 1242 2368 est,

150 2416 275 2482 breuiter
292 2419 341 2481 hic
360 2421 648 2494 consanguinitatem
666 2419 817 2499 denotare,
840 2435 929 2499 quam
950 2421 1028 2482 inter
1047 2423 1243 2485 ratiouutismi

153 2554 182 2612 et
197 2553 365 2614 romaniam!
383 2549 546 2613 doctrinam
564 2567 631 2614 esse
649 2567 708 2615 non
727 2553 823 2615 sotum
838 2552 895 2616 hoc
914 2554 979 2617 ioco
994 2561 1128 2634 apparet.
1166 2558 1241 2618 Lon·

156 2697 224 2755 gum
245 2689 304 2764 est,
326 2699 402 2747 nunc
423 2684 481 2747 hac
503 2684 540 2746 de
562 2700 595 2745 re
616 2685 710 2746 muita
731 2683 834 2746 facere
855 2685 962 2763 uerba,
983 2699 1050 2746 eum
1072 2685 1149 2748 uitro
1173 2702 1240 2765 per·

155 2817 283 2891 spiceum
304 2819 351 2897 sit,
372 2833 426 2880 nos
447 2820 477 2879 in
507 2815 563 2880 hoc
589 2817 672 2880 verbi
701 2815 790 2878 diuini
819 2821 991 2895 contemptu
1021 2833 1127 2880 nouum
1157 2823 1239 2882 inuo-

151 2947 228 3010 nisse
255 2951 456 3012 testimonium
484 2952 548 3026 ejus
567 2951 714 3030 ueritatis,
737 2965 826 3028 quum
847 2955 917 3012 aute
939 2947 1041 3013 decem
1061 2953 1123 3028 jum
1145 2967 1239 3016 arsuros

151 3077 267 3144 uacuus
290 3082 420 3146 monuero
442 3085 588 3162 opposuit.
600 3080 631 3158 ⁸)

225 3213 388 3287 Quom'mus
411 3213 517 3276 deinde
540 3229 686 3288 anonymo
717 3213 832 3275 cutiam
862 3214 1060 3276 assentiamur
1090 3213 1238 3278 dicentia

143 3342 290 3424 baptismo
311 3348 429 3428 pertici,
458 3363 475 3410 a
501 3345 592 3409 uerbo
614 3352 713 3410 autem
740 3345 840 3409 doceri
869 3345 916 3408 vet
943 3344 1093 3421 obsignari
1123 3353 1237 3410 tantum

142 3483 417 3561 regenerationem,
440 3478 561 3544 obstant
581 3495 657 3558 quoe
679 3495 779 3558 supro,
801 3477 874 3539 locis
898 3477 955 3540 iac.
981 3476 1008 3557 i,
1032 3474 1087 3557 183
1112 3477 1138 3540 1.
1157 3480 1237 3542 Petr.

143 3605 169 3689 t,
189 3611 253 3692 233
281 3613 339 3676 toa.
361 3609 391 3693 6,
412 3608 462 3677 ts.
485 3613 618 3692 ducibus,
639 3610 861 3690 disputavimus.
874 3606 921 3688 **)

194 3859 224 3919 s)
244 3859 328 3923 Brun,
345 3859 370 3912 (t.
389 3858 679 3923 consuscitatus.
701 3858 812 3910 Protesi.
836 3868 859 3918 p.
878 3855 1031 3908 tit-680.
1066 3856 1138 3910 coni.
1157 3858 1237 3910 etiam

239 3949 360 4014 Nitzscir,
382 3951 492 4003 Protesi.
508 3951 625 4004 Beonan.
643 3962 667 4012 p.
687 3949 840 4000 tta—151.
873 3947 939 3998 Estii
962 3947 1105 4000 comment.
1123 3948 1150 4000 in
1167 3950 1234 4011 iiag.

242 4041 313 4094 sent.
330 4040 385 4094 ito.
403 4041 442 4094 tu.
461 4041 525 4094 iitst.
541 4043 560 4094 i.
578 4041 603 4103 §.
618 4040 643 4092 8.

180 4128 227 4189 W)
246 4131 370 4185 zeitschr.
394 4133 437 4186 rur
458 4134 528 4187 Prot.
551 4144 576 4184 ιι.
598 4132 692 4185 itinciie
717 4131 794 4196 1848,
817 4131 942 4183 ianuarii.
966 4142 992 4192 p.
1009 4129 1041 4184 7:
1077 4131 1146 4194 „iios
1165 4130 1239 4181 Wort

241 4223 298 4285 siut
320 4225 450 4287 Zeuguiss
473 4236 532 4276 tom
555 4223 670 4276 Wunder
694 4221 741 4274 dei·
758 4219 972 4283 wicuecgeourt,
1000 4219 1043 4272 oie
1067 4219 1146 4272 Taute
1173 4223 1237 4273 uoti·

245 4312 334 4377 bringi
351 4315 409 4367 es.‘⁶

1040 4378 1091 4441 2e
