3156 5096
150 710 273 790 quidem
295 713 398 788 potest
420 707 488 768 sine
513 703 711 767 damnationis
739 708 862 782 propter
882 708 1037 784 peccatum
1059 708 1253 782 persuasione

155 849 186 906 ot
204 846 318 904 sincero
342 838 526 902 mediationis
543 835 690 914 amplexu.
734 834 916 898 Trlbnuntur
937 838 1029 912 lgltur
1050 843 1253 916 repugnantes

157 977 319 1054 qualitates
341 972 411 1034 lidel
439 961 478 1032 ab
505 969 642 1032 omnibus
669 969 728 1030 lllis
758 967 921 1047 theologis,
950 970 1000 1046 qul
1027 968 1117 1032 fldem
1145 972 1253 1049 imper·

154 1107 307 1186 sonalem,
342 1107 561 1184 quiescentem,
590 1117 672 1163 mere
702 1100 925 1179 miraculosam,
954 1102 1171 1182 mechanicam,
1199 1102 1252 1166 ha·

154 1239 320 1317 hltualem,
350 1237 492 1300 directam
516 1232 688 1296 defendunt.
732 1232 826 1305 Quum
847 1231 1011 1296 secundum
1032 1232 1142 1296 coristi
1164 1249 1253 1298 eram·

159 1371 272 1446 gelium
291 1368 365 1430 fides
392 1369 433 1430 sit
459 1371 544 1428 actus
567 1381 638 1444 per
667 1365 879 1426 eminentium
901 1365 1099 1442 percontatio
1127 1366 1253 1430 fiduciae

165 1508 195 1564 et
216 1502 398 1565 obedientiae
428 1502 458 1562 ln
482 1497 652 1562 Christum
680 1497 899 1573 εαὶυαιονεηι,
928 1498 1059 1560 infantes
1089 1501 1181 1564 etlam
1202 1499 1255 1564 ba·

163 1636 267 1713 ptizati
289 1637 319 1696 in
342 1649 466 1696 numero
487 1632 670 1695 credentium
692 1630 879 1694 nullomodo
905 1631 1034 1710 ponendi
1053 1635 1133 1694 sunt.
1176 1631 1256 1694 Scri-

165 1774 253 1846 ptura
270 1784 358 1828 unum
375 1772 491 1828 tautum
510 1764 578 1826 fidei
599 1763 788 1839 evangelicae
806 1780 901 1840 genus
923 1763 1019 1843 docel,
1041 1763 1139 1842 idque,
1162 1765 1256 1826 omnl-

166 1899 220 1960 bus
241 1899 406 1992 fictionibus
428 1897 556 1975 relictis,
590 1896 751 1958 tenendum
774 1902 828 1959 est.
872 1895 926 1968 Qui
955 1912 1021 1958 cum
1044 1896 1135 1960 Paulo
1157 1897 1256 1960 dicere

166 2047 224 2092 non
243 2037 355 2109 potest:
379 2025 460 2092 olda
481 2021 548 2109 yolo
572 2014 600 2110 ᾧ
619 2029 827 2108 πεπίστευκα,
850 2028 986 2092 lsiidells
1006 2035 1138 2109 nonest,
1161 2045 1258 2108 neque

169 2162 279 2224 nebulis
322 2163 471 2226 hunranae
505 2163 724 2236 imaginationis
761 2165 840 2224 later
881 2161 1064 2226 credentium
1103 2179 1259 2226 munierum

167 2297 257 2374 recipi
275 2302 383 2374 podest.
427 2295 620 2358 Nihilominus
643 2295 816 2371 longissime
838 2294 981 2356 absumus
1002 2294 1039 2356 ab
1062 2294 1259 2358 fanaticorum

168 2433 198 2488 et
220 2429 472 2507 anabaptistorum
494 2444 609 2507 errore,
639 2431 689 2508 qul
710 2429 786 2491 falso
816 2430 1044 2508 ratiocinantur,
1074 2431 1183 2492 nemini
1205 2427 1257 2494 ba·

168 2561 267 2636 plismi
280 2567 498 2622 sacramentum
514 2577 580 2622 esse
595 2561 808 2623 conserendum
825 2563 881 2622 nisi
894 2561 963 2622 lldei
980 2567 1009 2622 et
1023 2564 1258 2636 regenarationis

176 2693 285 2766 capaci.
333 2691 372 2750 Ut
401 2694 472 2754 enlm
500 2694 631 2756 infantes
658 2695 767 2751 veleris
796 2694 983 2768 testamenti,
1016 2706 1073 2766 qrro
1104 2693 1257 2752 circumcl-

177 2819 320 2884 debantur
342 2832 503 2904 momento,
532 2824 602 2904 quill
624 2823 681 2884 sibi
702 2821 793 2884 uellet
813 2823 930 2896 signum
952 2821 1039 2903 illud,
1062 2823 1259 2900 intelligentia

168 2969 229 3014 utrm
248 2956 544 3035 comprehendebant,
568 2962 756 3054 reretameu
778 2954 1062 3019 circumcidebantur
1083 2960 1112 3020 ln
1134 2962 1259 3020 naturae

170 3101 242 3148 snae
257 3094 408 3168 corruptae
424 3091 642 3153 contaminatae
658 3089 923 3167 mortificationem,
944 3107 1032 3167 qoam
1047 3090 1140 3152 adulti
1154 3097 1259 3168 postea

163 3219 443 3282 meditarentur-
463 3221 567 3284 eodem
596 3221 682 3284 modo
713 3218 981 3283 Christianorum
1013 3223 1031 3282 l.
1054 3238 1080 3284 e.
1102 3225 1260 3299 parantum

160 3355 282 3415 sincero
328 3355 417 3417 corde
460 3357 490 3416 in
535 3355 683 3417 Christum
725 3354 908 3418 credentium
948 3354 1079 3416 infantes
1121 3353 1260 3431 baptismi

157 3492 354 3549 sacramento
387 3490 417 3549 in
444 3489 559 3564 gratiae
590 3487 696 3550 foedus
733 3489 914 3564 recipiuntur
946 3491 977 3548 et
1009 3485 1199 3564 baptizantur
1230 3487 1261 3547 ln

151 3617 321 3695 solmam
350 3622 561 3697 poenitentiam
584 3625 615 3682 et
635 3618 741 3699 fidem,
770 3634 845 3698 quas
872 3618 949 3680 idem
971 3619 1098 3698 Spiritus
1127 3623 1260 3700 sanctur,

153 3755 394 3831 promissionem
423 3770 507 3816 suam
537 3759 724 3818 sacramento
755 3753 933 3835 obsignans,
964 3756 995 3816 in
1026 3756 1063 3816 iis
1091 3753 1262 3832 operabitur

154 3903 214 3948 suo
244 3889 386 3963 tempore.
431 3886 568 3958 Quamuis
589 3889 689 3966 itaque
714 3887 881 3966 baptismus
903 3905 958 3952 nec
980 3888 1102 3952 Hollazll
1123 3888 1212 3950 hdenr
1232 3891 1263 3949 iu

155 4015 305 4081 cordibus
332 4018 540 4098 parvulorum,
572 4035 628 4080 nec
658 4018 848 4080 llartenseoii
875 4023 1132 4095 regenerationem
1161 4020 1263 4082 fictam

156 4148 396 4227 impersonalem
412 4149 534 4230 efficiat,
555 4158 654 4214 tamen
670 4153 810 4228 parrulos
826 4159 983 4230 parentum
1000 4152 1264 4215 christianorum

159 4282 354 4360 baptizamus
371 4285 541 4357 gratissimo
562 4299 635 4361 erga
650 4283 742 4346 Deum
764 4287 871 4347 animo.
915 4285 995 4357 Quae
1016 4301 1105 4364 quum
1126 4289 1170 4349 ita
1190 4288 1261 4366 slot,
