3156 5096
857 465 905 536 io

333 714 390 762 roua
412 695 524 775 denen,
551 692 599 757 (lie
620 692 658 757 da
680 692 825 770 glauben,
855 691 987 756 insulem
1009 691 1057 755 (lle
1079 691 1275 758 Sahramente
1297 695 1347 758 ihu
1370 713 1424 758 uns

333 827 609 906 enigegenhringen
631 841 687 889 ron
716 825 810 903 allen,
840 823 888 886 nie
915 823 980 887 sicln
1006 823 1095 887 ihnen
1116 823 1310 900 unlergehen.
1353 827 1424 890 llenr

332 961 434 1040 lleile,
455 958 586 1022 welches
607 957 661 1021 das
677 956 762 1021 Wort
783 971 840 1020 uns
860 972 928 1018 aum
945 956 1063 1019 Besitze
1085 954 1249 1032 larhieiet‚
1269 957 1350 1019 kann
1373 958 1425 1020 der

331 1091 452 1154 llensch
478 1090 543 1153 sich
569 1088 802 1168 nersehliessen‚
833 1087 881 1151 die
910 1087 1011 1152 (laben
1039 1088 1192 1169 dagegen,
1224 1089 1339 1152 welche
1368 1090 1423 1190 len

331 1223 544 1287 wesentlichen
567 1222 663 1285 lnhalt
685 1221 739 1285 der
756 1221 955 1285 Salaramente
977 1221 1175 1302 ansmachen‚
1197 1221 1295 1298 gehen
1317 1225 1348 1284 in
1368 1221 1423 1285 len

330 1355 575 1435 limpiangenden
598 1358 655 1435 ein,
676 1370 710 1418 cr
731 1354 839 1432 plaute
861 1353 933 1418 coer
954 1353 1046 1434 nieht,
1069 1353 1186 1418 ohwohl
1208 1357 1252 1416 sie
1274 1353 1336 1416 ihm
1357 1369 1423 1416 zum

330 1487 502 1552 Venderhen
536 1488 713 1567 pereleum,
748 1501 837 1550 wenn
873 1503 907 1549 cr
940 1486 1005 1550 ihre
1042 1487 1206 1550 heilsamen
1240 1485 1423 1562 Wirkungen

331 1620 537 1684 nuternrucit.
560 1651 599 1664 -
632 1619 672 1683 So
700 1619 767 1683 siml
795 1620 964 1699 diejenigen
986 1619 1168 1682 Christen
1188 1618 1283 1697 (sic),
1312 1617 1422 1681 welche

329 1754 463 1817 dereinst
482 1752 618 1816 rerloren
638 1753 752 1833 gehen,
783 1754 872 1816 lreinc
894 1753 1024 1833 anilem,
1046 1751 1091 1816 als
1113 1752 1178 1832 oie,
1200 1752 1318 1814 welche
1342 1750 1421 1814 Chri·

329 1892 408 1949 stum
429 1885 613 1962 wahrhaitig
643 1901 817 1963 angezogen
846 1886 906 1949 und
928 1885 1037 1948 Christi
1056 1884 1126 1947 leih
1155 1884 1214 1947 und
1236 1884 1305 1946 lllut
1327 1884 1420 1946 wahr-

327 2017 427 2096 haltig
456 2033 606 2095 genossen
634 2017 743 2081 halen.
785 2018 819 2080 ln
845 2018 957 2081 diesem
980 2016 1072 2079 Sinne
1099 2018 1139 2078 ist
1166 2030 1200 2079 es
1223 2016 1328 2095 wahr,
1355 2014 1420 2078 lass

328 2151 376 2215 elie
399 2151 597 2214 Sakramente
617 2167 655 2212 ex
677 2164 766 2229 opere
788 2154 910 2228 operato
933 2149 1051 2212 wirlren
1079 2149 1139 2211 und
1160 2151 1208 2211 ein
1229 2148 1419 2213 unansiuscn·

327 2283 421 2347 liches
443 2284 579 2362 (leprage
601 2280 816 2345 auidrliekew
829 2280 860 2358 *)
903 2282 984 2356 Quae
1013 2282 1146 2346 electrina
1168 2298 1239 2345 rere
1267 2281 1423 2345 lulhenua

326 2432 386 2478 non
407 2415 595 2478 mediocriter
616 2413 780 2477 eiiicaeiam
796 2418 992 2478 sacramentis
1013 2415 1276 2479 emmanuelem
1297 2412 1423 2476 scholas·

325 2549 393 2609 titis
434 2543 574 2609 irilrutam
616 2550 716 2623 augeo
769 2546 951 2610 lamborum
970 2543 1015 2624 **)
1047 2552 1139 2624 negat
1170 2545 1288 2628 adhue,
1322 2550 1422 2628 impios

325 2681 458 2758 eorporis
478 2681 595 2755 naysum
615 2677 779 2744 sanatoris
799 2684 959 2760 participes
981 2681 1055 2762 lieri,
1077 2697 1175 2762 neque
1197 2681 1235 2744 ab
1257 2682 1322 2746 ullo
1337 2681 1421 2760 huius

324 2816 445 2890 generis
467 2812 604 2890 theologo
626 2815 742 2878 Coenae
764 2821 952 2880 sacramento
975 2816 1158 2879 characteris
1178 2815 1346 2883 indelebilis
1368 2820 1419 2879 im·

378 3147 408 3209 *)
425 3148 453 3201 l.
471 3163 494 3204 c.
510 3163 535 3214 p.
552 3149 672 3204 30-32.
711 3150 782 3203 lolem
804 3151 861 3203 iere
883 3151 980 3214 legitur
1007 3152 1034 3204 in
1056 3153 1175 3207 lialnnisil
1199 3155 1285 3210 lihro:
1314 3157 1417 3220 „lehre

426 3262 451 3302 u.
468 3251 615 3305 ihendm.“
631 3263 656 3314 p.
673 3252 731 3305 276.
766 3252 838 3314 Quod
856 3253 878 3304 si
895 3253 935 3304 his
953 3254 1102 3316 theologiae
1118 3255 1317 3319 professoribus
1334 3261 1417 3312 luthe-

425 3348 569 3412 ranlstum,
596 3350 672 3403 nohis
689 3363 768 3404 verae
787 3352 921 3407 docinnae
938 3355 1106 3418 evangelicae
1130 3367 1207 3420 quam
1226 3361 1342 3413 maxime
1359 3372 1418 3412 con·

427 3450 537 3503 trecium
554 3451 666 3505 uidetur.
699 3453 839 3507 Doctrinae
857 3455 889 3507 de
905 3455 957 3509 ilde
974 3456 1157 3520 impersonali,
1180 3458 1213 3512 tle
1235 3460 1356 3514 elllcaeia
1378 3473 1417 3512 sa-

424 3555 618 3606 cramentorum
640 3566 674 3606 ex
690 3566 770 3617 opere
788 3559 909 3620 operato,
934 3556 966 3608 oe
983 3557 1133 3611 sacerdotio
1150 3559 1263 3623 quodam
1280 3564 1416 3616 lutherano

425 3654 553 3707 amultls
575 3655 651 3707 hodie
677 3654 801 3720 laudato,
826 3657 859 3711 oe
885 3658 1039 3722 episcopatu
1064 3659 1225 3727 principum,
1251 3663 1283 3716 tle
1309 3662 1417 3716 ecclesia

425 3754 495 3808 civili
512 3767 543 3808 ae
560 3756 743 3809 mundana-
765 3758 830 3811 haee
852 3760 940 3813 omnia
962 3762 1111 3824 augmentis
1137 3764 1266 3818 ecelesiae
1289 3763 1416 3826 evangelli

427 3868 505 3921 quam
529 3857 755 3918 perniciosissima
778 3862 841 3913 sunt
863 3865 890 3913 et
912 3862 970 3915 luce
992 3863 1092 3916 clarius
1115 3865 1310 3931 demonstrant,
1337 3875 1417 3918 nosa

425 3956 468 4010 lue
485 3959 636 4011 romanensi
653 3959 724 4012 omni
744 3970 778 4013 ex
795 3964 872 4024 parte
888 3963 1003 4015 nondum
1020 3965 1145 4018 liberatos
1163 3978 1231 4018 esse.
1266 3968 1321 4028 oua
1339 3966 1371 4018 tle
1388 3976 1415 4014 re

426 4071 495 4123 quae
515 4059 603 4112 Gallus
622 4059 727 4125 quinem
744 4063 885 4126 theologus
907 4065 932 4116 in
955 4066 1098 4128 appendice
1114 4068 1193 4132 huius
1214 4070 1273 4123 libri
1294 4069 1418 4121 observat

425 4160 496 4214 omui
514 4161 725 4214 consideratione
742 4167 837 4216 nostra
852 4165 933 4228 digna
952 4165 1084 4222 uidentur.
1117 4168 1205 4233 (coni.
1224 4166 1354 4234 ippentl.)

364 4277 411 4340 l³³)
429 4281 501 4333 sent.
518 4279 574 4334 libr.
590 4281 630 4334 lll.
648 4280 707 4335 nist
728 4283 766 4335 io.

1527 4389 1529 4546 l
