<?xml version="1.0" encoding="UTF-8"?>
<!DOCTYPE html PUBLIC "-//W3C//DTD XHTML 1.0 Transitional//EN"
    "http://www.w3.org/TR/xhtml1/DTD/xhtml1-transitional.dtd">
<html xmlns="http://www.w3.org/1999/xhtml" xml:lang="en" lang="en">
 <head>
  <title>
</title>
<meta http-equiv="Content-Type" content="text/html;charset=utf-8" />
  <meta name='ocr-system' content='tesseract 3.04.00' />
  <meta name='ocr-capabilities' content='ocr_page ocr_carea ocr_par ocr_line ocrx_word'/>
</head>
<body>
  <div class='ocr_page' id='page_1' title='image "./deconvenientia00sudhgoog_0019.png"; bbox 0 0 3156 5096; ppageno 0'>
   <div class='ocr_carea' id='block_1_1' title="bbox 839 505 882 574">
    <p class='ocr_par' dir='ltr' id='par_1_1' title="bbox 839 505 882 574">
     <span class='ocr_line' id='line_1_1' title="bbox 839 505 882 574; baseline 0.023 -1"><span class='ocrx_word' id='word_1_1' title='bbox 839 505 882 574; x_wconf 80' lang='lat' dir='ltr'><strong>ll</strong></span> 
     </span>
    </p>
   </div>
   <div class='ocr_carea' id='block_1_2' title="bbox 306 727 1409 941">
    <p class='ocr_par' dir='ltr' id='par_1_2' title="bbox 306 727 1409 941">
     <span class='ocr_line' id='line_1_2' title="bbox 306 727 1406 808; baseline 0 -15"><span class='ocrx_word' id='word_1_2' title='bbox 306 730 504 793; x_wconf 85' lang='lat' dir='ltr'><strong>versariorum</strong></span> <span class='ocrx_word' id='word_1_3' title='bbox 525 731 615 808; x_wconf 88' lang='lat' dir='ltr'><strong>eaput</strong></span> <span class='ocrx_word' id='word_1_4' title='bbox 635 727 795 790; x_wconf 86' lang='lat' dir='ltr'><strong>retundere</strong></span> <span class='ocrx_word' id='word_1_5' title='bbox 812 743 970 806; x_wconf 80' lang='lat' dir='ltr'><strong>possemus</strong></span> <span class='ocrx_word' id='word_1_6' title='bbox 987 727 1163 792; x_wconf 88' lang='lat' dir='ltr'><strong>calumniam</strong></span> <span class='ocrx_word' id='word_1_7' title='bbox 1176 745 1271 807; x_wconf 80' lang='lat' dir='ltr'>nuper</span> <span class='ocrx_word' id='word_1_8' title='bbox 1294 747 1311 794; x_wconf 96' lang='lat' dir='ltr'><strong>a</strong></span> <span class='ocrx_word' id='word_1_9' title='bbox 1328 730 1406 793; x_wconf 85' lang='lat' dir='ltr'><strong>llae-</strong></span> 
     </span>
     <span class='ocr_line' id='line_1_3' title="bbox 306 849 1409 941; baseline 0.002 -19"><span class='ocrx_word' id='word_1_10' title='bbox 306 857 481 937; x_wconf 78' lang='lat' dir='ltr'><strong>tensenlo*)</strong></span> <span class='ocrx_word' id='word_1_11' title='bbox 503 859 601 924; x_wconf 90' lang='lat' dir='ltr'><strong>denuo</strong></span> <span class='ocrx_word' id='word_1_12' title='bbox 623 860 730 923; x_wconf 83' lang='lat' dir='ltr'><strong>leviter</strong></span> <span class='ocrx_word' id='word_1_13' title='bbox 751 863 782 923; x_wconf 91' lang='lat' dir='ltr'><strong>et</strong></span> <span class='ocrx_word' id='word_1_14' title='bbox 801 861 913 939; x_wconf 76' lang='lat' dir='ltr'><strong>injuste</strong></span> <span class='ocrx_word' id='word_1_15' title='bbox 927 849 1083 941; x_wconf 88' lang='lat' dir='ltr'><strong>prolatam,</strong></span> <span class='ocrx_word' id='word_1_16' title='bbox 1105 875 1160 922; x_wconf 90' lang='lat' dir='ltr'><strong>nos</strong></span> <span class='ocrx_word' id='word_1_17' title='bbox 1183 875 1249 922; x_wconf 91' lang='lat' dir='ltr'><strong>esse</strong></span> <span class='ocrx_word' id='word_1_18' title='bbox 1268 860 1409 924; x_wconf 88' lang='lat' dir='ltr'><strong>duallsml</strong></span> 
     </span>
    </p>
   </div>
   <div class='ocr_carea' id='block_1_3' title="bbox 306 963 1406 1094">
    <p class='ocr_par' dir='ltr' id='par_1_3' title="bbox 306 963 1406 1094">
     <span class='ocr_line' id='line_1_4' title="bbox 306 963 1406 1094; baseline 0.003 -41"><span class='ocrx_word' id='word_1_19' title='bbox 306 990 450 1053; x_wconf 78' lang='lat' dir='ltr'>fautores.</span> <span class='ocrx_word' id='word_1_20' title='bbox 501 991 641 1054; x_wconf 77' lang='lat' dir='ltr'><strong>Attamen</strong></span> <span class='ocrx_word' id='word_1_21' title='bbox 671 993 792 1054; x_wconf 89' lang='lat' dir='ltr'><strong>mittere</strong></span> <span class='ocrx_word' id='word_1_22' title='bbox 823 963 899 1094; x_wconf 77' lang='lat' dir='ltr'><strong>llaec</strong></span> <span class='ocrx_word' id='word_1_23' title='bbox 927 991 1005 1056; x_wconf 89' lang='lat' dir='ltr'><strong>malo</strong></span> <span class='ocrx_word' id='word_1_24' title='bbox 1037 998 1069 1055; x_wconf 90' lang='lat' dir='ltr'><strong>et</strong></span> <span class='ocrx_word' id='word_1_25' title='bbox 1101 994 1228 1054; x_wconf 85' lang='lat' dir='ltr'><strong>veritate</strong></span> <span class='ocrx_word' id='word_1_26' title='bbox 1263 994 1406 1072; x_wconf 82' lang='lat' dir='ltr'><strong>gaudere,</strong></span> 
     </span>
    </p>
   </div>
   <div class='ocr_carea' id='block_1_4' title="bbox 308 1121 1405 1204">
    <p class='ocr_par' dir='ltr' id='par_1_4' title="bbox 308 1121 1405 1204">
     <span class='ocr_line' id='line_1_5' title="bbox 308 1121 1405 1204; baseline 0.002 -20"><span class='ocrx_word' id='word_1_27' title='bbox 308 1136 398 1201; x_wconf 89' lang='lat' dir='ltr'><strong>quam</strong></span> <span class='ocrx_word' id='word_1_28' title='bbox 419 1137 547 1198; x_wconf 78' lang='lat' dir='ltr'><strong>magnus</strong></span> <span class='ocrx_word' id='word_1_29' title='bbox 563 1121 768 1187; x_wconf 86' lang='lat' dir='ltr'><strong>ltelanchthon</strong></span> <span class='ocrx_word' id='word_1_30' title='bbox 789 1128 901 1203; x_wconf 89' lang='lat' dir='ltr'><strong>noster,</strong></span> <span class='ocrx_word' id='word_1_31' title='bbox 925 1129 1084 1204; x_wconf 82' lang='lat' dir='ltr'><strong>postquam</strong></span> <span class='ocrx_word' id='word_1_32' title='bbox 1099 1137 1210 1186; x_wconf 84' lang='lat' dir='ltr'><strong>naevos</strong></span> <span class='ocrx_word' id='word_1_33' title='bbox 1231 1123 1405 1187; x_wconf 85' lang='lat' dir='ltr'><strong>lutheranus</strong></span> 
     </span>
    </p>
   </div>
   <div class='ocr_carea' id='block_1_5' title="bbox 310 1237 609 1252">
    <p class='ocr_par' dir='ltr' id='par_1_5' title="bbox 310 1237 609 1252">
     <span class='ocr_line' id='line_1_6' title="bbox 310 1237 609 1252; baseline -0.007 0"><span class='ocrx_word' id='word_1_34' title='bbox 310 1237 609 1252; x_wconf 52' lang='grc' dir='ltr'><strong><em>Μ</em></strong></span> 
     </span>
    </p>
   </div>
   <div class='ocr_carea' id='block_1_6' title="bbox 357 1291 1406 4344">
    <p class='ocr_par' dir='ltr' id='par_1_6' title="bbox 357 1291 1406 4344">
     <span class='ocr_line' id='line_1_7' title="bbox 357 1291 1406 1359; baseline 0 -13"><span class='ocrx_word' id='word_1_35' title='bbox 357 1291 387 1352; x_wconf 75' lang='lat'><strong>¹¹)</strong></span> <span class='ocrx_word' id='word_1_36' title='bbox 408 1293 554 1346; x_wconf 75' lang='lat' dir='ltr'><strong>Praesume</strong></span> <span class='ocrx_word' id='word_1_37' title='bbox 571 1292 702 1345; x_wconf 88' lang='lat' dir='ltr'><strong>lindnero</strong></span> <span class='ocrx_word' id='word_1_38' title='bbox 720 1292 775 1359; x_wconf 90' lang='lat' dir='ltr'><strong>(dle</strong></span> <span class='ocrx_word' id='word_1_39' title='bbox 792 1292 878 1346; x_wconf 85' lang='lat' dir='ltr'><strong>lelnre</strong></span> <span class='ocrx_word' id='word_1_40' title='bbox 895 1305 956 1346; x_wconf 88' lang='lat' dir='ltr'><strong>vom</strong></span> <span class='ocrx_word' id='word_1_41' title='bbox 975 1293 1136 1348; x_wconf 80' lang='lat' dir='ltr'><strong>Abendmanl</strong></span> <span class='ocrx_word' id='word_1_42' title='bbox 1157 1295 1225 1347; x_wconf 84' lang='lat' dir='ltr'><strong>nach</strong></span> <span class='ocrx_word' id='word_1_43' title='bbox 1243 1293 1290 1347; x_wconf 91' lang='lat' dir='ltr'><strong>der</strong></span> <span class='ocrx_word' id='word_1_44' title='bbox 1307 1295 1406 1347; x_wconf 86' lang='lat' dir='ltr'><strong>senriit</strong></span> 
     </span>
     <span class='ocr_line' id='line_1_8' title="bbox 408 1389 1405 1455; baseline 0 -11"><span class='ocrx_word' id='word_1_45' title='bbox 408 1394 460 1450; x_wconf 87' lang='lat' dir='ltr'><strong>ete.</strong></span> <span class='ocrx_word' id='word_1_46' title='bbox 476 1391 598 1455; x_wconf 81' lang='lat' dir='ltr'><strong>Leipzig,</strong></span> <span class='ocrx_word' id='word_1_47' title='bbox 623 1389 700 1451; x_wconf 80' lang='grc'>1831)</span> <span class='ocrx_word' id='word_1_48' title='bbox 735 1391 928 1444; x_wconf 84' lang='lat' dir='ltr'><strong>Martensentus</strong></span> <span class='ocrx_word' id='word_1_49' title='bbox 946 1392 1016 1444; x_wconf 86' lang='lat' dir='ltr'><strong>nunc</strong></span> <span class='ocrx_word' id='word_1_50' title='bbox 1032 1391 1059 1445; x_wconf 93' lang='lat' dir='ltr'><strong>ln</strong></span> <span class='ocrx_word' id='word_1_51' title='bbox 1076 1393 1182 1445; x_wconf 92' lang='lat' dir='ltr'><strong>modum</strong></span> <span class='ocrx_word' id='word_1_52' title='bbox 1201 1394 1293 1445; x_wconf 89' lang='lat' dir='ltr'><strong>contra</strong></span> <span class='ocrx_word' id='word_1_53' title='bbox 1306 1393 1405 1444; x_wconf 85' lang='lat' dir='ltr'><strong>calvini</strong></span> 
     </span>
     <span class='ocr_line' id='line_1_9' title="bbox 409 1488 1404 1554; baseline -0.002 -10"><span class='ocrx_word' id='word_1_54' title='bbox 409 1489 555 1544; x_wconf 79' lang='lat' dir='ltr'><strong>doctrinam</strong></span> <span class='ocrx_word' id='word_1_55' title='bbox 574 1488 709 1552; x_wconf 87' lang='lat' dir='ltr'><strong>disputat:</strong></span> <span class='ocrx_word' id='word_1_56' title='bbox 743 1489 875 1554; x_wconf 84' lang='lat' dir='ltr'><strong>„calvin&#39;s</strong></span> <span class='ocrx_word' id='word_1_57' title='bbox 893 1489 978 1542; x_wconf 86' lang='lat' dir='ltr'><strong>Lelnre</strong></span> <span class='ocrx_word' id='word_1_58' title='bbox 995 1489 1101 1554; x_wconf 74' lang='lat' dir='ltr'><strong>beweqt</strong></span> <span class='ocrx_word' id='word_1_59' title='bbox 1117 1491 1174 1544; x_wconf 80' lang='lat' dir='ltr'><strong>siclo</strong></span> <span class='ocrx_word' id='word_1_60' title='bbox 1190 1490 1218 1542; x_wconf 91' lang='lat' dir='ltr'><strong>in</strong></span> <span class='ocrx_word' id='word_1_61' title='bbox 1234 1490 1320 1544; x_wconf 89' lang='lat' dir='ltr'><strong>einem</strong></span> <span class='ocrx_word' id='word_1_62' title='bbox 1337 1491 1404 1543; x_wconf 87' lang='lat' dir='ltr'><strong>ilua·</strong></span> 
     </span>
     <span class='ocr_line' id='line_1_10' title="bbox 408 1586 1405 1654; baseline -0.002 -14"><span class='ocrx_word' id='word_1_63' title='bbox 408 1589 520 1654; x_wconf 90' lang='lat' dir='ltr'><strong>„lismus</strong></span> <span class='ocrx_word' id='word_1_64' title='bbox 549 1588 682 1640; x_wconf 74' lang='lat' dir='ltr'><strong>zwisalten</strong></span> <span class='ocrx_word' id='word_1_65' title='bbox 706 1587 765 1640; x_wconf 89' lang='lat' dir='ltr'><strong>dem</strong></span> <span class='ocrx_word' id='word_1_66' title='bbox 789 1588 869 1640; x_wconf 86' lang='lat' dir='ltr'><strong>Reicln</strong></span> <span class='ocrx_word' id='word_1_67' title='bbox 897 1586 944 1640; x_wconf 91' lang='lat' dir='ltr'><strong>der</strong></span> <span class='ocrx_word' id='word_1_68' title='bbox 966 1586 1054 1640; x_wconf 84' lang='lat' dir='ltr'><strong>Gnade</strong></span> <span class='ocrx_word' id='word_1_69' title='bbox 1076 1589 1129 1641; x_wconf 91' lang='lat' dir='ltr'><strong>und</strong></span> <span class='ocrx_word' id='word_1_70' title='bbox 1153 1589 1319 1652; x_wconf 75' lang='lat' dir='ltr'><strong>deridetur,</strong></span> <span class='ocrx_word' id='word_1_71' title='bbox 1343 1588 1405 1640; x_wconf 84' lang='lat' dir='ltr'><strong>zwi-</strong></span> 
     </span>
     <span class='ocr_line' id='line_1_11' title="bbox 407 1685 1405 1750; baseline 0 -12"><span class='ocrx_word' id='word_1_72' title='bbox 407 1687 507 1750; x_wconf 85' lang='lat' dir='ltr'><strong>„sclnen</strong></span> <span class='ocrx_word' id='word_1_73' title='bbox 525 1686 636 1738; x_wconf 87' lang='lat' dir='ltr'><strong>llimmel</strong></span> <span class='ocrx_word' id='word_1_74' title='bbox 653 1685 707 1738; x_wconf 88' lang='lat' dir='ltr'><strong>und</strong></span> <span class='ocrx_word' id='word_1_75' title='bbox 723 1685 799 1748; x_wconf 79' lang='lat' dir='ltr'><strong>lirde,</strong></span> <span class='ocrx_word' id='word_1_76' title='bbox 818 1686 890 1739; x_wconf 85' lang='lat' dir='ltr'><strong>Geist</strong></span> <span class='ocrx_word' id='word_1_77' title='bbox 908 1686 960 1738; x_wconf 92' lang='lat' dir='ltr'><strong>und</strong></span> <span class='ocrx_word' id='word_1_78' title='bbox 979 1686 1175 1740; x_wconf 84' lang='lat' dir='ltr'><strong>Leihliclnlreit.“</strong></span> <span class='ocrx_word' id='word_1_79' title='bbox 1210 1687 1275 1739; x_wconf 92' lang='lat' dir='ltr'><strong>lluic</strong></span> <span class='ocrx_word' id='word_1_80' title='bbox 1292 1686 1405 1750; x_wconf 73' lang='lat' dir='ltr'><strong>iniustae</strong></span> 
     </span>
     <span class='ocr_line' id='line_1_12' title="bbox 407 1783 1406 1849; baseline -0.003 -11"><span class='ocrx_word' id='word_1_81' title='bbox 407 1783 569 1838; x_wconf 79' lang='lat' dir='ltr'><strong>accusationi</strong></span> <span class='ocrx_word' id='word_1_82' title='bbox 591 1783 740 1849; x_wconf 81' lang='lat' dir='ltr'><strong>argumenti</strong></span> <span class='ocrx_word' id='word_1_83' title='bbox 757 1783 845 1836; x_wconf 85' lang='lat' dir='ltr'><strong>instar</strong></span> <span class='ocrx_word' id='word_1_84' title='bbox 861 1783 967 1848; x_wconf 79' lang='lat' dir='ltr'><strong>adlicit:</strong></span> <span class='ocrx_word' id='word_1_85' title='bbox 1002 1785 1075 1849; x_wconf 78' lang='lat' dir='ltr'><strong>„lui</strong></span> <span class='ocrx_word' id='word_1_86' title='bbox 1089 1785 1136 1837; x_wconf 91' lang='lat' dir='ltr'><strong>der</strong></span> <span class='ocrx_word' id='word_1_87' title='bbox 1153 1785 1221 1837; x_wconf 81' lang='lat' dir='ltr'><strong>Erde</strong></span> <span class='ocrx_word' id='word_1_88' title='bbox 1237 1785 1301 1848; x_wconf 79' lang='lat' dir='ltr'><strong>geht</strong></span> <span class='ocrx_word' id='word_1_89' title='bbox 1325 1785 1406 1836; x_wconf 86' lang='lat' dir='ltr'><strong>daher</strong></span> 
     </span>
     <span class='ocr_line' id='line_1_13' title="bbox 404 1883 1406 1948; baseline 0 -12"><span class='ocrx_word' id='word_1_90' title='bbox 404 1884 509 1948; x_wconf 84' lang='lat' dir='ltr'><strong>„nlcnts</strong></span> <span class='ocrx_word' id='word_1_91' title='bbox 527 1883 644 1936; x_wconf 78' lang='lat' dir='ltr'><strong>anderes</strong></span> <span class='ocrx_word' id='word_1_92' title='bbox 662 1893 720 1948; x_wconf 81' lang='lat' dir='ltr'><strong>nor,</strong></span> <span class='ocrx_word' id='word_1_93' title='bbox 739 1885 780 1936; x_wconf 87' lang='lat' dir='ltr'><strong>als</strong></span> <span class='ocrx_word' id='word_1_94' title='bbox 798 1883 862 1936; x_wconf 87' lang='lat' dir='ltr'><strong>dass</strong></span> <span class='ocrx_word' id='word_1_95' title='bbox 875 1885 938 1938; x_wconf 85' lang='lat' dir='ltr'><strong>Brot</strong></span> <span class='ocrx_word' id='word_1_96' title='bbox 955 1883 1009 1936; x_wconf 92' lang='lat' dir='ltr'><strong>und</strong></span> <span class='ocrx_word' id='word_1_97' title='bbox 1020 1884 1095 1938; x_wconf 84' lang='lat' dir='ltr'><strong>Wein</strong></span> <span class='ocrx_word' id='word_1_98' title='bbox 1113 1883 1272 1946; x_wconf 74' lang='lat' dir='ltr'><strong>ausqetneilt</strong></span> <span class='ocrx_word' id='word_1_99' title='bbox 1289 1883 1343 1936; x_wconf 88' lang='lat' dir='ltr'><strong>und</strong></span> <span class='ocrx_word' id='word_1_100' title='bbox 1359 1895 1406 1946; x_wconf 75' lang='lat' dir='ltr'><strong>qe·</strong></span> 
     </span>
     <span class='ocr_line' id='line_1_14' title="bbox 404 1980 1406 2046; baseline 0 -12"><span class='ocrx_word' id='word_1_101' title='bbox 404 1994 524 2046; x_wconf 86' lang='lat' dir='ltr'><strong>„nossem</strong></span> <span class='ocrx_word' id='word_1_102' title='bbox 540 1981 620 2046; x_wconf 88' lang='lat' dir='ltr'><strong>wird;</strong></span> <span class='ocrx_word' id='word_1_103' title='bbox 644 1992 686 2032; x_wconf 89' lang='lat' dir='ltr'><strong>wo</strong></span> <span class='ocrx_word' id='word_1_104' title='bbox 709 1993 739 2032; x_wconf 90' lang='lat' dir='ltr'><strong>es</strong></span> <span class='ocrx_word' id='word_1_105' title='bbox 762 1981 825 2033; x_wconf 78' lang='lat' dir='ltr'><strong>alter</strong></span> <span class='ocrx_word' id='word_1_106' title='bbox 841 1981 877 2032; x_wconf 91' lang='lat' dir='ltr'><strong>im</strong></span> <span class='ocrx_word' id='word_1_107' title='bbox 895 1980 1010 2034; x_wconf 85' lang='lat' dir='ltr'><strong>Glauben</strong></span> <span class='ocrx_word' id='word_1_108' title='bbox 1034 1993 1168 2045; x_wconf 74' lang='lat' dir='ltr'><strong>genossen</strong></span> <span class='ocrx_word' id='word_1_109' title='bbox 1186 1982 1269 2045; x_wconf 84' lang='lat' dir='ltr'><strong>wind,</strong></span> <span class='ocrx_word' id='word_1_110' title='bbox 1293 1981 1326 2034; x_wconf 88' lang='lat' dir='ltr'><strong>da</strong></span> <span class='ocrx_word' id='word_1_111' title='bbox 1343 1983 1406 2046; x_wconf 74' lang='lat' dir='ltr'><strong>gent</strong></span> 
     </span>
     <span class='ocr_line' id='line_1_15' title="bbox 402 2078 1405 2144; baseline 0 -12"><span class='ocrx_word' id='word_1_112' title='bbox 402 2079 590 2144; x_wconf 79' lang='lat' dir='ltr'><strong>„gleichzeitlg</strong></span> <span class='ocrx_word' id='word_1_113' title='bbox 603 2080 661 2132; x_wconf 89' lang='lat' dir='ltr'><strong>eine</strong></span> <span class='ocrx_word' id='word_1_114' title='bbox 686 2078 862 2141; x_wconf 77' lang='lat' dir='ltr'><strong>Begebenlreit</strong></span> <span class='ocrx_word' id='word_1_115' title='bbox 877 2079 913 2131; x_wconf 92' lang='lat' dir='ltr'><strong>im</strong></span> <span class='ocrx_word' id='word_1_116' title='bbox 924 2079 1034 2133; x_wconf 87' lang='lat' dir='ltr'><strong>lllmmel</strong></span> <span class='ocrx_word' id='word_1_117' title='bbox 1051 2092 1108 2133; x_wconf 87' lang='lat' dir='ltr'><strong>vor.</strong></span> <span class='ocrx_word' id='word_1_118' title='bbox 1124 2080 1211 2132; x_wconf 86' lang='lat' dir='ltr'><strong>indam</strong></span> <span class='ocrx_word' id='word_1_119' title='bbox 1222 2080 1264 2132; x_wconf 90' lang='lat' dir='ltr'><strong>die</strong></span> <span class='ocrx_word' id='word_1_120' title='bbox 1281 2080 1405 2143; x_wconf 80' lang='lat' dir='ltr'><strong>glauoige</strong></span> 
     </span>
     <span class='ocr_line' id='line_1_16' title="bbox 406 2177 1405 2247; baseline -0.003 -14"><span class='ocrx_word' id='word_1_121' title='bbox 406 2179 502 2247; x_wconf 87' lang='lat' dir='ltr'><strong>„seete</strong></span> <span class='ocrx_word' id='word_1_122' title='bbox 519 2205 552 2215; x_wconf 91' lang='lat'>-</span> <span class='ocrx_word' id='word_1_123' title='bbox 568 2178 594 2230; x_wconf 94' lang='lat' dir='ltr'><strong>ln</strong></span> <span class='ocrx_word' id='word_1_124' title='bbox 618 2177 669 2230; x_wconf 93' lang='lat' dir='ltr'><strong>den</strong></span> <span class='ocrx_word' id='word_1_125' title='bbox 691 2177 801 2231; x_wconf 89' lang='lat' dir='ltr'><strong>lllmmel</strong></span> <span class='ocrx_word' id='word_1_126' title='bbox 816 2179 928 2242; x_wconf 74' lang='lat' dir='ltr'><strong>gement</strong></span> <span class='ocrx_word' id='word_1_127' title='bbox 948 2178 1024 2231; x_wconf 83' lang='lat' dir='ltr'><strong>wind.</strong></span> <span class='ocrx_word' id='word_1_128' title='bbox 1057 2179 1109 2232; x_wconf 84' lang='lat' dir='ltr'><strong>llas</strong></span> <span class='ocrx_word' id='word_1_129' title='bbox 1127 2177 1287 2231; x_wconf 84' lang='lat' dir='ltr'><strong>caluinlsclne</strong></span> <span class='ocrx_word' id='word_1_130' title='bbox 1304 2179 1405 2231; x_wconf 83' lang='grc'>111111-</span> 
     </span>
     <span class='ocr_line' id='line_1_17' title="bbox 407 2275 1405 2344; baseline -0.004 -14"><span class='ocrx_word' id='word_1_131' title='bbox 407 2278 498 2344; x_wconf 87' lang='lat' dir='ltr'><strong>„malni</strong></span> <span class='ocrx_word' id='word_1_132' title='bbox 513 2277 549 2328; x_wconf 91' lang='lat' dir='ltr'><strong>ist</strong></span> <span class='ocrx_word' id='word_1_133' title='bbox 567 2277 650 2330; x_wconf 84' lang='lat' dir='ltr'><strong>dalrer</strong></span> <span class='ocrx_word' id='word_1_134' title='bbox 668 2275 695 2328; x_wconf 94' lang='lat' dir='ltr'><strong>in</strong></span> <span class='ocrx_word' id='word_1_135' title='bbox 714 2276 781 2328; x_wconf 83' lang='lat' dir='ltr'><strong>zwel</strong></span> <span class='ocrx_word' id='word_1_136' title='bbox 798 2277 972 2340; x_wconf 74' lang='lat' dir='ltr'><strong>llandtunqen</strong></span> <span class='ocrx_word' id='word_1_137' title='bbox 989 2276 1149 2340; x_wconf 80' lang='lat' dir='ltr'><strong>gesondert,</strong></span> <span class='ocrx_word' id='word_1_138' title='bbox 1170 2276 1229 2330; x_wconf 90' lang='lat' dir='ltr'><strong>eine</strong></span> <span class='ocrx_word' id='word_1_139' title='bbox 1244 2277 1280 2328; x_wconf 90' lang='lat' dir='ltr'><strong>im</strong></span> <span class='ocrx_word' id='word_1_140' title='bbox 1297 2275 1405 2330; x_wconf 89' lang='lat' dir='ltr'><strong>lltmmel</strong></span> 
     </span>
     <span class='ocr_line' id='line_1_18' title="bbox 408 2374 1405 2442; baseline 0 -13"><span class='ocrx_word' id='word_1_141' title='bbox 408 2376 481 2442; x_wconf 88' lang='lat' dir='ltr'><strong>„und</strong></span> <span class='ocrx_word' id='word_1_142' title='bbox 505 2377 563 2428; x_wconf 91' lang='lat' dir='ltr'><strong>elne</strong></span> <span class='ocrx_word' id='word_1_143' title='bbox 592 2376 640 2428; x_wconf 80' lang='lat' dir='ltr'><strong>aut</strong></span> <span class='ocrx_word' id='word_1_144' title='bbox 659 2374 706 2428; x_wconf 88' lang='lat' dir='ltr'><strong>der</strong></span> <span class='ocrx_word' id='word_1_145' title='bbox 724 2375 806 2440; x_wconf 83' lang='lat' dir='ltr'><strong>Erde,</strong></span> <span class='ocrx_word' id='word_1_146' title='bbox 825 2376 883 2428; x_wconf 90' lang='lat' dir='ltr'><strong>eine</strong></span> <span class='ocrx_word' id='word_1_147' title='bbox 904 2376 940 2428; x_wconf 93' lang='lat' dir='ltr'><strong>im</strong></span> <span class='ocrx_word' id='word_1_148' title='bbox 958 2376 1046 2428; x_wconf 85' lang='lat' dir='ltr'><strong>Geiste</strong></span> <span class='ocrx_word' id='word_1_149' title='bbox 1072 2374 1125 2428; x_wconf 90' lang='lat' dir='ltr'><strong>und</strong></span> <span class='ocrx_word' id='word_1_150' title='bbox 1148 2376 1207 2428; x_wconf 89' lang='lat' dir='ltr'><strong>eine</strong></span> <span class='ocrx_word' id='word_1_151' title='bbox 1228 2378 1255 2429; x_wconf 92' lang='lat' dir='ltr'><strong>in</strong></span> <span class='ocrx_word' id='word_1_152' title='bbox 1278 2377 1405 2430; x_wconf 77' lang='grc'>111111111-</span> 
     </span>
     <span class='ocr_line' id='line_1_19' title="bbox 405 2474 1403 2542; baseline 0.001 -14"><span class='ocrx_word' id='word_1_153' title='bbox 405 2476 486 2529; x_wconf 83' lang='lat' dir='ltr'><strong>leit.“</strong></span> <span class='ocrx_word' id='word_1_154' title='bbox 527 2474 588 2528; x_wconf 82' lang='lat' dir='ltr'><strong>lale</strong></span> <span class='ocrx_word' id='word_1_155' title='bbox 614 2478 702 2527; x_wconf 85' lang='lat' dir='ltr'><strong>auteur</strong></span> <span class='ocrx_word' id='word_1_156' title='bbox 727 2479 911 2539; x_wconf 78' lang='lat' dir='ltr'><strong>argumentum</strong></span> <span class='ocrx_word' id='word_1_157' title='bbox 937 2477 1014 2538; x_wconf 89' lang='lat' dir='ltr'><strong>plane</strong></span> <span class='ocrx_word' id='word_1_158' title='bbox 1047 2477 1146 2529; x_wconf 92' lang='lat' dir='ltr'><strong>nullum</strong></span> <span class='ocrx_word' id='word_1_159' title='bbox 1173 2479 1228 2540; x_wconf 88' lang='lat' dir='ltr'><strong>est,</strong></span> <span class='ocrx_word' id='word_1_160' title='bbox 1254 2479 1315 2542; x_wconf 89' lang='lat' dir='ltr'><strong>quia</strong></span> <span class='ocrx_word' id='word_1_161' title='bbox 1341 2477 1403 2530; x_wconf 86' lang='lat' dir='ltr'><strong>nilril</strong></span> 
     </span>
     <span class='ocr_line' id='line_1_20' title="bbox 406 2575 1402 2640; baseline -0.003 -11"><span class='ocrx_word' id='word_1_162' title='bbox 406 2575 477 2629; x_wconf 90' lang='lat' dir='ltr'><strong>aliud</strong></span> <span class='ocrx_word' id='word_1_163' title='bbox 494 2575 521 2628; x_wconf 93' lang='lat' dir='ltr'><strong>ln</strong></span> <span class='ocrx_word' id='word_1_164' title='bbox 539 2588 570 2628; x_wconf 95' lang='lat' dir='ltr'><strong>eo</strong></span> <span class='ocrx_word' id='word_1_165' title='bbox 586 2576 703 2629; x_wconf 90' lang='lat' dir='ltr'><strong>cernitur</strong></span> <span class='ocrx_word' id='word_1_166' title='bbox 715 2588 793 2640; x_wconf 92' lang='lat' dir='ltr'><strong>quam</strong></span> <span class='ocrx_word' id='word_1_167' title='bbox 804 2579 882 2629; x_wconf 87' lang='lat' dir='ltr'><strong>uetus</strong></span> <span class='ocrx_word' id='word_1_168' title='bbox 895 2577 939 2629; x_wconf 88' lang='lat' dir='ltr'><strong>illu</strong></span> <span class='ocrx_word' id='word_1_169' title='bbox 951 2577 1084 2629; x_wconf 87' lang='lat' dir='ltr'><strong>doctrinae</strong></span> <span class='ocrx_word' id='word_1_170' title='bbox 1095 2578 1259 2630; x_wconf 85' lang='lat' dir='ltr'><strong>calvinianae</strong></span> <span class='ocrx_word' id='word_1_171' title='bbox 1271 2587 1287 2628; x_wconf 94' lang='lat' dir='ltr'><strong>a</strong></span> <span class='ocrx_word' id='word_1_172' title='bbox 1297 2575 1402 2628; x_wconf 83' lang='lat' dir='ltr'><strong>Plunlrio</strong></span> 
     </span>
     <span class='ocr_line' id='line_1_21' title="bbox 404 2675 1403 2742; baseline -0.006 -10"><span class='ocrx_word' id='word_1_173' title='bbox 404 2679 511 2732; x_wconf 84' lang='lat' dir='ltr'><strong>inuenta</strong></span> <span class='ocrx_word' id='word_1_174' title='bbox 530 2676 723 2741; x_wconf 78' lang='lat' dir='ltr'><strong>interpretatio,</strong></span> <span class='ocrx_word' id='word_1_175' title='bbox 741 2676 817 2740; x_wconf 86' lang='lat' dir='ltr'><strong>cujus</strong></span> <span class='ocrx_word' id='word_1_176' title='bbox 835 2677 940 2730; x_wconf 82' lang='grc'>11111111</span> <span class='ocrx_word' id='word_1_177' title='bbox 958 2676 1066 2730; x_wconf 86' lang='lat' dir='ltr'><strong>euidens</strong></span> <span class='ocrx_word' id='word_1_178' title='bbox 1085 2678 1135 2730; x_wconf 89' lang='lat' dir='ltr'><strong>erit</strong></span> <span class='ocrx_word' id='word_1_179' title='bbox 1154 2679 1248 2742; x_wconf 91' lang='lat' dir='ltr'><strong>cuique</strong></span> <span class='ocrx_word' id='word_1_180' title='bbox 1266 2675 1403 2740; x_wconf 88' lang='lat' dir='ltr'><strong>sequentia</strong></span> 
     </span>
     <span class='ocr_line' id='line_1_22' title="bbox 404 2776 1401 2856; baseline -0.002 -26"><span class='ocrx_word' id='word_1_181' title='bbox 404 2779 505 2832; x_wconf 85' lang='lat' dir='ltr'><strong>calvini</strong></span> <span class='ocrx_word' id='word_1_182' title='bbox 522 2777 593 2829; x_wconf 89' lang='lat' dir='ltr'><strong>dicta</strong></span> <span class='ocrx_word' id='word_1_183' title='bbox 610 2777 667 2829; x_wconf 91' lang='lat' dir='ltr'><strong>sine</strong></span> <span class='ocrx_word' id='word_1_184' title='bbox 685 2779 800 2840; x_wconf 89' lang='lat' dir='ltr'><strong>partium</strong></span> <span class='ocrx_word' id='word_1_185' title='bbox 824 2778 912 2830; x_wconf 89' lang='lat' dir='ltr'><strong>studio</strong></span> <span class='ocrx_word' id='word_1_186' title='bbox 935 2777 1115 2856; x_wconf 78' lang='lat' dir='ltr'><strong>perpendenti.</strong></span> <span class='ocrx_word' id='word_1_187' title='bbox 1148 2777 1272 2841; x_wconf 73' lang='lat' dir='ltr'><strong>Legimus</strong></span> <span class='ocrx_word' id='word_1_188' title='bbox 1289 2777 1358 2830; x_wconf 88' lang='lat' dir='ltr'><strong>enim</strong></span> <span class='ocrx_word' id='word_1_189' title='bbox 1375 2776 1401 2828; x_wconf 90' lang='lat' dir='ltr'><strong>in</strong></span> 
     </span>
     <span class='ocr_line' id='line_1_23' title="bbox 405 2877 1400 2942; baseline -0.002 -13"><span class='ocrx_word' id='word_1_190' title='bbox 405 2879 490 2930; x_wconf 85' lang='lat' dir='ltr'><strong>instit.</strong></span> <span class='ocrx_word' id='word_1_191' title='bbox 516 2878 557 2941; x_wconf 84' lang='lat' dir='ltr'><strong>lv,</strong></span> <span class='ocrx_word' id='word_1_192' title='bbox 588 2878 626 2942; x_wconf 85' lang='grc'><strong>17,</strong></span> <span class='ocrx_word' id='word_1_193' title='bbox 651 2877 697 2930; x_wconf 81' lang='lat' dir='ltr'><strong>ia:</strong></span> <span class='ocrx_word' id='word_1_194' title='bbox 731 2879 774 2942; x_wconf 88' lang='lat' dir='ltr'><strong>„si</strong></span> <span class='ocrx_word' id='word_1_195' title='bbox 800 2879 883 2931; x_wconf 88' lang='lat' dir='ltr'><strong>oculis</strong></span> <span class='ocrx_word' id='word_1_196' title='bbox 907 2877 1053 2941; x_wconf 87' lang='lat' dir='ltr'><strong>animisque</strong></span> <span class='ocrx_word' id='word_1_197' title='bbox 1078 2877 1105 2928; x_wconf 92' lang='lat' dir='ltr'><strong>in</strong></span> <span class='ocrx_word' id='word_1_198' title='bbox 1131 2879 1233 2930; x_wconf 92' lang='lat' dir='ltr'><strong>coelum</strong></span> <span class='ocrx_word' id='word_1_199' title='bbox 1257 2877 1400 2938; x_wconf 84' lang='lat' dir='ltr'><strong>evehimur,</strong></span> 
     </span>
     <span class='ocr_line' id='line_1_24' title="bbox 403 2975 1400 3042; baseline -0.003 -13"><span class='ocrx_word' id='word_1_200' title='bbox 403 2979 432 3029; x_wconf 92' lang='lat' dir='ltr'><strong>ut</strong></span> <span class='ocrx_word' id='word_1_201' title='bbox 444 2977 575 3029; x_wconf 85' lang='lat' dir='ltr'><strong>christum</strong></span> <span class='ocrx_word' id='word_1_202' title='bbox 593 2977 646 3029; x_wconf 92' lang='lat' dir='ltr'><strong>illic</strong></span> <span class='ocrx_word' id='word_1_203' title='bbox 663 2978 690 3029; x_wconf 93' lang='lat' dir='ltr'><strong>ln</strong></span> <span class='ocrx_word' id='word_1_204' title='bbox 707 2978 784 3040; x_wconf 81' lang='lat' dir='ltr'><strong>regni</strong></span> <span class='ocrx_word' id='word_1_205' title='bbox 801 2978 842 3028; x_wconf 92' lang='lat' dir='ltr'><strong>sui</strong></span> <span class='ocrx_word' id='word_1_206' title='bbox 860 2977 945 3041; x_wconf 80' lang='lat' dir='ltr'><strong>gloria</strong></span> <span class='ocrx_word' id='word_1_207' title='bbox 962 2988 1128 3042; x_wconf 84' lang='lat' dir='ltr'><strong>quaeramus.</strong></span> <span class='ocrx_word' id='word_1_208' title='bbox 1163 2976 1209 3028; x_wconf 78' lang='lat'><strong>36:</strong></span> <span class='ocrx_word' id='word_1_209' title='bbox 1228 2979 1255 3027; x_wconf 94' lang='lat' dir='ltr'><strong>ut</strong></span> <span class='ocrx_word' id='word_1_210' title='bbox 1267 2975 1400 3027; x_wconf 85' lang='lat' dir='ltr'><strong>christum</strong></span> 
     </span>
     <span class='ocr_line' id='line_1_25' title="bbox 404 3076 1400 3142; baseline -0.004 -12"><span class='ocrx_word' id='word_1_211' title='bbox 404 3078 457 3130; x_wconf 90' lang='lat' dir='ltr'><strong>illie</strong></span> <span class='ocrx_word' id='word_1_212' title='bbox 475 3077 526 3130; x_wconf 89' lang='lat' dir='ltr'><strong>rite</strong></span> <span class='ocrx_word' id='word_1_213' title='bbox 543 3077 756 3142; x_wconf 78' lang='lat' dir='ltr'><strong>apprehendant,</strong></span> <span class='ocrx_word' id='word_1_214' title='bbox 773 3078 832 3140; x_wconf 92' lang='lat' dir='ltr'><strong>piae</strong></span> <span class='ocrx_word' id='word_1_215' title='bbox 849 3077 952 3130; x_wconf 90' lang='lat' dir='ltr'><strong>animae</strong></span> <span class='ocrx_word' id='word_1_216' title='bbox 972 3076 1000 3128; x_wconf 89' lang='lat' dir='ltr'><strong>ln</strong></span> <span class='ocrx_word' id='word_1_217' title='bbox 1016 3078 1118 3129; x_wconf 89' lang='lat' dir='ltr'><strong>coelum</strong></span> <span class='ocrx_word' id='word_1_218' title='bbox 1136 3076 1274 3140; x_wconf 75' lang='lat' dir='ltr'><strong>erigantur</strong></span> <span class='ocrx_word' id='word_1_219' title='bbox 1291 3081 1400 3127; x_wconf 85' lang='lat' dir='ltr'><strong>neeesse</strong></span> 
     </span>
     <span class='ocr_line' id='line_1_26' title="bbox 405 3175 1398 3243; baseline -0.006 -11"><span class='ocrx_word' id='word_1_220' title='bbox 405 3181 455 3234; x_wconf 84' lang='lat' dir='ltr'><strong>est.</strong></span> <span class='ocrx_word' id='word_1_221' title='bbox 471 3206 504 3216; x_wconf 93' lang='lat'>—</span> <span class='ocrx_word' id='word_1_222' title='bbox 529 3179 626 3242; x_wconf 78' lang='lat' dir='ltr'><strong>liapos.</strong></span> <span class='ocrx_word' id='word_1_223' title='bbox 643 3191 670 3242; x_wconf 89' lang='lat' dir='ltr'><strong>p.</strong></span> <span class='ocrx_word' id='word_1_224' title='bbox 688 3179 751 3230; x_wconf 76' lang='lat' dir='ltr'><strong>ios:</strong></span> <span class='ocrx_word' id='word_1_225' title='bbox 769 3177 895 3243; x_wconf 88' lang='lat' dir='ltr'><strong>„adrem</strong></span> <span class='ocrx_word' id='word_1_226' title='bbox 917 3177 1001 3240; x_wconf 89' lang='lat' dir='ltr'><strong>ipsam</strong></span> <span class='ocrx_word' id='word_1_227' title='bbox 1025 3189 1102 3229; x_wconf 93' lang='lat' dir='ltr'><strong>nemo</strong></span> <span class='ocrx_word' id='word_1_228' title='bbox 1120 3187 1234 3239; x_wconf 87' lang='lat' dir='ltr'><strong>unquam</strong></span> <span class='ocrx_word' id='word_1_229' title='bbox 1256 3175 1398 3238; x_wconf 80' lang='lat' dir='ltr'><strong>pertinget,</strong></span> 
     </span>
     <span class='ocr_line' id='line_1_27' title="bbox 403 3273 1399 3342; baseline -0.002 -14"><span class='ocrx_word' id='word_1_230' title='bbox 403 3278 455 3328; x_wconf 91' lang='lat' dir='ltr'><strong>nisi</strong></span> <span class='ocrx_word' id='word_1_231' title='bbox 478 3277 522 3342; x_wconf 93' lang='lat' dir='ltr'><strong>qui</strong></span> <span class='ocrx_word' id='word_1_232' title='bbox 544 3279 581 3330; x_wconf 91' lang='lat' dir='ltr'><strong>ita</strong></span> <span class='ocrx_word' id='word_1_233' title='bbox 604 3277 711 3340; x_wconf 75' lang='lat' dir='ltr'><strong>adiutus</strong></span> <span class='ocrx_word' id='word_1_234' title='bbox 729 3289 745 3329; x_wconf 91' lang='lat' dir='ltr'><strong>a</strong></span> <span class='ocrx_word' id='word_1_235' title='bbox 766 3281 837 3330; x_wconf 88' lang='lat' dir='ltr'><strong>terra</strong></span> <span class='ocrx_word' id='word_1_236' title='bbox 860 3278 888 3329; x_wconf 91' lang='lat' dir='ltr'><strong>in</strong></span> <span class='ocrx_word' id='word_1_237' title='bbox 913 3278 1014 3330; x_wconf 87' lang='lat' dir='ltr'><strong>eoelum</strong></span> <span class='ocrx_word' id='word_1_238' title='bbox 1039 3276 1113 3340; x_wconf 90' lang='lat' dir='ltr'><strong>quasi</strong></span> <span class='ocrx_word' id='word_1_239' title='bbox 1139 3286 1187 3337; x_wconf 90' lang='lat' dir='ltr'><strong>per</strong></span> <span class='ocrx_word' id='word_1_240' title='bbox 1214 3273 1315 3336; x_wconf 77' lang='lat' dir='ltr'><strong>gradus</strong></span> <span class='ocrx_word' id='word_1_241' title='bbox 1339 3287 1399 3326; x_wconf 91' lang='lat' dir='ltr'><strong>eon·</strong></span> 
     </span>
     <span class='ocr_line' id='line_1_28' title="bbox 404 3373 1398 3442; baseline -0.002 -14"><span class='ocrx_word' id='word_1_242' title='bbox 404 3377 540 3430; x_wconf 87' lang='lat' dir='ltr'><strong>scendet.“</strong></span> <span class='ocrx_word' id='word_1_243' title='bbox 569 3405 601 3414; x_wconf 93' lang='lat'>—</span> <span class='ocrx_word' id='word_1_244' title='bbox 628 3377 734 3431; x_wconf 81' lang='grc'>1111111.</span> <span class='ocrx_word' id='word_1_245' title='bbox 762 3379 799 3429; x_wconf 92' lang='lat' dir='ltr'><strong>ll:</strong></span> <span class='ocrx_word' id='word_1_246' title='bbox 826 3376 896 3441; x_wconf 86' lang='lat' dir='ltr'><strong>„Sed</strong></span> <span class='ocrx_word' id='word_1_247' title='bbox 919 3377 980 3442; x_wconf 90' lang='lat' dir='ltr'><strong>quia</strong></span> <span class='ocrx_word' id='word_1_248' title='bbox 1010 3375 1127 3429; x_wconf 78' lang='lat' dir='ltr'><strong>uidetur</strong></span> <span class='ocrx_word' id='word_1_249' title='bbox 1149 3373 1254 3426; x_wconf 86' lang='lat' dir='ltr'><strong>obstare</strong></span> <span class='ocrx_word' id='word_1_250' title='bbox 1282 3374 1398 3426; x_wconf 86' lang='lat' dir='ltr'><strong>locorum</strong></span> 
     </span>
     <span class='ocr_line' id='line_1_29' title="bbox 403 3474 1399 3542; baseline -0.006 -11"><span class='ocrx_word' id='word_1_251' title='bbox 403 3477 543 3541; x_wconf 89' lang='lat' dir='ltr'><strong>distantia,</strong></span> <span class='ocrx_word' id='word_1_252' title='bbox 568 3490 602 3530; x_wconf 96' lang='lat' dir='ltr'><strong>ne</strong></span> <span class='ocrx_word' id='word_1_253' title='bbox 627 3477 662 3530; x_wconf 88' lang='lat' dir='ltr'><strong>ad</strong></span> <span class='ocrx_word' id='word_1_254' title='bbox 689 3489 739 3530; x_wconf 91' lang='lat' dir='ltr'><strong>nos</strong></span> <span class='ocrx_word' id='word_1_255' title='bbox 765 3487 849 3542; x_wconf 89' lang='lat' dir='ltr'><strong>usque</strong></span> <span class='ocrx_word' id='word_1_256' title='bbox 878 3477 1016 3540; x_wconf 83' lang='lat' dir='ltr'><strong>perveniat</strong></span> <span class='ocrx_word' id='word_1_257' title='bbox 1046 3475 1133 3528; x_wconf 88' lang='lat' dir='ltr'><strong>earnis</strong></span> <span class='ocrx_word' id='word_1_258' title='bbox 1167 3474 1265 3528; x_wconf 86' lang='lat' dir='ltr'><strong>curisti</strong></span> <span class='ocrx_word' id='word_1_259' title='bbox 1304 3475 1399 3538; x_wconf 85' lang='lat' dir='ltr'><strong>uirtus,</strong></span> 
     </span>
     <span class='ocr_line' id='line_1_30' title="bbox 402 3577 1399 3642; baseline -0.004 -12"><span class='ocrx_word' id='word_1_260' title='bbox 402 3577 500 3630; x_wconf 91' lang='lat' dir='ltr'><strong>nudum</strong></span> <span class='ocrx_word' id='word_1_261' title='bbox 521 3579 592 3632; x_wconf 87' lang='lat' dir='ltr'><strong>hunc</strong></span> <span class='ocrx_word' id='word_1_262' title='bbox 612 3579 650 3631; x_wconf 90' lang='lat' dir='ltr'><strong>ita</strong></span> <span class='ocrx_word' id='word_1_263' title='bbox 672 3579 798 3642; x_wconf 82' lang='lat' dir='ltr'><strong>expedio,</strong></span> <span class='ocrx_word' id='word_1_264' title='bbox 821 3579 954 3631; x_wconf 83' lang='lat' dir='ltr'><strong>christum</strong></span> <span class='ocrx_word' id='word_1_265' title='bbox 977 3578 1038 3630; x_wconf 88' lang='lat' dir='ltr'><strong>lieet</strong></span> <span class='ocrx_word' id='word_1_266' title='bbox 1061 3577 1146 3629; x_wconf 89' lang='lat' dir='ltr'><strong>locum</strong></span> <span class='ocrx_word' id='word_1_267' title='bbox 1163 3587 1216 3628; x_wconf 91' lang='lat' dir='ltr'><strong>non</strong></span> <span class='ocrx_word' id='word_1_268' title='bbox 1234 3577 1333 3638; x_wconf 87' lang='lat' dir='ltr'><strong>mutet,</strong></span> <span class='ocrx_word' id='word_1_269' title='bbox 1350 3587 1399 3627; x_wconf 88' lang='lat' dir='ltr'><strong>sua</strong></span> 
     </span>
     <span class='ocr_line' id='line_1_31' title="bbox 403 3676 1398 3740; baseline -0.002 -10"><span class='ocrx_word' id='word_1_270' title='bbox 403 3676 437 3730; x_wconf 88' lang='lat' dir='ltr'><strong>ad</strong></span> <span class='ocrx_word' id='word_1_271' title='bbox 464 3689 514 3730; x_wconf 91' lang='lat' dir='ltr'><strong>nos</strong></span> <span class='ocrx_word' id='word_1_272' title='bbox 545 3679 643 3731; x_wconf 87' lang='lat' dir='ltr'><strong>virtute</strong></span> <span class='ocrx_word' id='word_1_273' title='bbox 667 3677 877 3732; x_wconf 78' lang='lat' dir='ltr'><strong>descendere.“</strong></span> <span class='ocrx_word' id='word_1_274' title='bbox 897 3705 931 3716; x_wconf 90' lang='lat'><strong>—-</strong></span> <span class='ocrx_word' id='word_1_275' title='bbox 952 3678 1047 3730; x_wconf 87' lang='lat' dir='ltr'><strong>Ultima</strong></span> <span class='ocrx_word' id='word_1_276' title='bbox 1070 3677 1233 3729; x_wconf 80' lang='lat' dir='ltr'><strong>admonitio:</strong></span> <span class='ocrx_word' id='word_1_277' title='bbox 1255 3677 1322 3740; x_wconf 83' lang='lat' dir='ltr'><strong>„Per</strong></span> <span class='ocrx_word' id='word_1_278' title='bbox 1339 3688 1398 3728; x_wconf 88' lang='lat' dir='ltr'><strong>eoe-</strong></span> 
     </span>
     <span class='ocr_line' id='line_1_32' title="bbox 402 3776 1397 3842; baseline -0.003 -12"><span class='ocrx_word' id='word_1_279' title='bbox 402 3778 495 3831; x_wconf 91' lang='lat' dir='ltr'><strong>lestem</strong></span> <span class='ocrx_word' id='word_1_280' title='bbox 524 3779 653 3832; x_wconf 87' lang='lat' dir='ltr'><strong>actionem</strong></span> <span class='ocrx_word' id='word_1_281' title='bbox 677 3777 744 3829; x_wconf 86' lang='lat' dir='ltr'><strong>nihil</strong></span> <span class='ocrx_word' id='word_1_282' title='bbox 770 3777 841 3830; x_wconf 92' lang='lat' dir='ltr'><strong>aliud</strong></span> <span class='ocrx_word' id='word_1_283' title='bbox 875 3776 1047 3842; x_wconf 77' lang='lat' dir='ltr'><strong>intelligimus</strong></span> <span class='ocrx_word' id='word_1_284' title='bbox 1069 3778 1120 3828; x_wconf 90' lang='lat' dir='ltr'><strong>nisi</strong></span> <span class='ocrx_word' id='word_1_285' title='bbox 1143 3777 1212 3840; x_wconf 88' lang='lat' dir='ltr'><strong>quod</strong></span> <span class='ocrx_word' id='word_1_286' title='bbox 1234 3777 1261 3828; x_wconf 92' lang='lat' dir='ltr'><strong>in</strong></span> <span class='ocrx_word' id='word_1_287' title='bbox 1283 3779 1397 3828; x_wconf 90' lang='lat' dir='ltr'><strong>mentem</strong></span> 
     </span>
     <span class='ocr_line' id='line_1_33' title="bbox 402 3875 1397 3941; baseline -0.001 -13"><span class='ocrx_word' id='word_1_288' title='bbox 402 3877 485 3929; x_wconf 85' lang='lat' dir='ltr'><strong>cuivis</strong></span> <span class='ocrx_word' id='word_1_289' title='bbox 508 3879 629 3941; x_wconf 87' lang='lat' dir='ltr'><strong>protinus</strong></span> <span class='ocrx_word' id='word_1_290' title='bbox 651 3878 742 3931; x_wconf 89' lang='lat' dir='ltr'><strong>venire</strong></span> <span class='ocrx_word' id='word_1_291' title='bbox 760 3878 851 3941; x_wconf 87' lang='lat' dir='ltr'><strong>debet,</strong></span> <span class='ocrx_word' id='word_1_292' title='bbox 881 3878 1018 3941; x_wconf 86' lang='lat' dir='ltr'><strong>spirituale</strong></span> <span class='ocrx_word' id='word_1_293' title='bbox 1046 3888 1107 3929; x_wconf 92' lang='lat' dir='ltr'><strong>esse</strong></span> <span class='ocrx_word' id='word_1_294' title='bbox 1128 3877 1298 3941; x_wconf 88' lang='lat' dir='ltr'><strong>mysterium,</strong></span> <span class='ocrx_word' id='word_1_295' title='bbox 1328 3875 1397 3941; x_wconf 88' lang='lat' dir='ltr'><strong>quod</strong></span> 
     </span>
     <span class='ocr_line' id='line_1_34' title="bbox 402 3955 1397 4042; baseline -0.001 -13"><span class='ocrx_word' id='word_1_296' title='bbox 402 3986 451 4040; x_wconf 90' lang='lat' dir='ltr'><strong>pro</strong></span> <span class='ocrx_word' id='word_1_297' title='bbox 467 3980 563 4031; x_wconf 90' lang='lat' dir='ltr'><strong>natura</strong></span> <span class='ocrx_word' id='word_1_298' title='bbox 579 3978 656 4042; x_wconf 71' lang='lat' dir='ltr'><strong>regni</strong></span> <span class='ocrx_word' id='word_1_299' title='bbox 673 3955 772 4030; x_wconf 83' lang='lat' dir='ltr'><strong>christi</strong></span> <span class='ocrx_word' id='word_1_300' title='bbox 789 3991 805 4029; x_wconf 92' lang='grc'><strong>1</strong></span> <span class='ocrx_word' id='word_1_301' title='bbox 823 3979 935 4032; x_wconf 89' lang='lat' dir='ltr'><strong>terrenis</strong></span> <span class='ocrx_word' id='word_1_302' title='bbox 954 3977 1101 4030; x_wconf 82' lang='lat' dir='ltr'><strong>actionibus</strong></span> <span class='ocrx_word' id='word_1_303' title='bbox 1119 3976 1239 4038; x_wconf 87' lang='lat' dir='ltr'><strong>separari</strong></span> <span class='ocrx_word' id='word_1_304' title='bbox 1256 3975 1343 4030; x_wconf 85' lang='lat' dir='ltr'><strong>debet.</strong></span> <span class='ocrx_word' id='word_1_305' title='bbox 1365 4003 1397 4014; x_wconf 92' lang='lat'>-</span> 
     </span>
     <span class='ocr_line' id='line_1_35' title="bbox 402 4077 1397 4141; baseline -0.001 -11"><span class='ocrx_word' id='word_1_306' title='bbox 402 4079 572 4130; x_wconf 86' lang='lat' dir='ltr'><strong>sacramenta</strong></span> <span class='ocrx_word' id='word_1_307' title='bbox 605 4091 666 4131; x_wconf 89' lang='lat' dir='ltr'><strong>esse</strong></span> <span class='ocrx_word' id='word_1_308' title='bbox 702 4081 834 4131; x_wconf 91' lang='lat' dir='ltr'><strong>scalarum</strong></span> <span class='ocrx_word' id='word_1_309' title='bbox 866 4079 952 4130; x_wconf 88' lang='lat' dir='ltr'><strong>instar</strong></span> <span class='ocrx_word' id='word_1_310' title='bbox 978 4077 1097 4129; x_wconf 85' lang='lat' dir='ltr'><strong>ildelibus</strong></span> <span class='ocrx_word' id='word_1_311' title='bbox 1128 4088 1175 4138; x_wconf 91' lang='lat' dir='ltr'><strong>per</strong></span> <span class='ocrx_word' id='word_1_312' title='bbox 1201 4089 1266 4141; x_wconf 90' lang='lat' dir='ltr'><strong>quas</strong></span> <span class='ocrx_word' id='word_1_313' title='bbox 1291 4090 1397 4130; x_wconf 91' lang='lat' dir='ltr'><strong>sursum</strong></span> 
     </span>
     <span class='ocr_line' id='line_1_36' title="bbox 405 4176 1396 4243; baseline -0.001 -14"><span class='ocrx_word' id='word_1_314' title='bbox 405 4179 492 4230; x_wconf 88' lang='lat' dir='ltr'><strong>coelos</strong></span> <span class='ocrx_word' id='word_1_315' title='bbox 516 4179 721 4232; x_wconf 86' lang='lat' dir='ltr'><strong>conscendant.“</strong></span> <span class='ocrx_word' id='word_1_316' title='bbox 755 4179 793 4232; x_wconf 83' lang='lat' dir='ltr'><strong>ui.</strong></span> <span class='ocrx_word' id='word_1_317' title='bbox 805 4182 941 4243; x_wconf 87' lang='lat' dir='ltr'><strong>praeterea</strong></span> <span class='ocrx_word' id='word_1_318' title='bbox 953 4178 1059 4232; x_wconf 84' lang='lat' dir='ltr'><strong>lteiens.</strong></span> <span class='ocrx_word' id='word_1_319' title='bbox 1076 4179 1097 4230; x_wconf 92' lang='lat'><strong>11</strong></span> <span class='ocrx_word' id='word_1_320' title='bbox 1114 4176 1396 4240; x_wconf 75' lang='grc'>181-1111111111</span> 
     </span>
     <span class='ocr_line' id='line_1_37' title="bbox 399 4275 1394 4344; baseline 0.003 -17"><span class='ocrx_word' id='word_1_321' title='bbox 399 4275 480 4340; x_wconf 75' lang='lat' dir='ltr'><strong>igitur</strong></span> <span class='ocrx_word' id='word_1_322' title='bbox 497 4278 573 4331; x_wconf 88' lang='lat' dir='ltr'><strong>docet</strong></span> <span class='ocrx_word' id='word_1_323' title='bbox 585 4279 717 4344; x_wconf 80' lang='lat' dir='ltr'><strong>Calvinus,</strong></span> <span class='ocrx_word' id='word_1_324' title='bbox 735 4291 812 4343; x_wconf 89' lang='lat' dir='ltr'><strong>quam</strong></span> <span class='ocrx_word' id='word_1_325' title='bbox 825 4280 991 4331; x_wconf 88' lang='lat' dir='ltr'><strong>sacramenta</strong></span> <span class='ocrx_word' id='word_1_326' title='bbox 1003 4278 1131 4332; x_wconf 86' lang='lat' dir='ltr'><strong>clamare:</strong></span> <span class='ocrx_word' id='word_1_327' title='bbox 1150 4282 1278 4344; x_wconf 85' lang='lat' dir='ltr'><strong>„Sursum</strong></span> <span class='ocrx_word' id='word_1_328' title='bbox 1296 4275 1394 4330; x_wconf 85' lang='lat' dir='ltr'><strong>corda“</strong></span> 
     </span>
    </p>
   </div>
   <div class='ocr_carea' id='block_1_7' title="bbox 0 0 1582 5096">
    <p class='ocr_par' dir='ltr' id='par_1_7' title="bbox 0 0 1582 5096">
     <span class='ocr_line' id='line_1_38' title="bbox 0 0 1582 5096; baseline 0 3"><span class='ocrx_word' id='word_1_329' title='bbox 0 0 1582 5096; x_wconf 95' lang='lat' dir='ltr'><strong> </strong></span> 
     </span>
    </p>
   </div>
  </div>
 </body>
</html>
