3156 5096
836 473 884 546 74

394 701 509 765 llmlum
537 705 638 765 autem
671 697 853 777 percipiendi
882 700 1015 777 corporis
1049 703 1080 760 et
1114 700 1268 774 sanguinis
1298 697 1404 760 Christi

311 835 342 895 in
364 834 482 912 Coena,
509 830 756 895 sacramentalem
778 845 845 892 esse
865 828 1007 908 inimus,
1037 835 1071 892 ut
1092 844 1143 894 cre
1170 830 1283 894 carnali
1303 840 1404 893 satra·

311 970 462 1046 mentum,
486 965 516 1030 ti
537 970 584 1028 est
604 979 712 1044 panem
734 968 765 1026 et
785 965 903 1041 uinum,
925 977 976 1026 cre
997 967 1098 1026 autem
1120 964 1280 1043 spirituali,
1307 962 1337 1026 ici
1358 966 1406 1026 est

310 1114 364 1176 per
386 1096 493 1176 iidem,
515 1112 578 1159 rem
607 1097 805 1174 sacramenti,
834 1109 941 1174 nempe
967 1109 1071 1158 rerum
1099 1094 1208 1158 Christi
1239 1111 1347 1174 corpus
1374 1101 1407 1158 et

309 1231 484 1306 sanguinem
505 1231 536 1292 in
558 1231 674 1294 animae
696 1228 868 1290 alimentum
890 1232 921 1290 et
942 1229 1034 1291 uitam
1054 1229 1262 1306 percipiamus.

392 1361 495 1424 Placet
516 1363 595 1424 enim
614 1359 699 1424 nolis
720 1361 770 1438 pia
791 1359 843 1428 iliu
860 1374 896 1423 ac
924 1362 1093 1423 necessaria
1119 1359 1258 1424 caelestis
1278 1375 1313 1423 ae
1342 1366 1404 1424 ter·

310 1510 401 1558 renae
423 1496 467 1557 rei
488 1495 519 1556 in
540 1499 728 1557 sacramento
751 1491 916 1572 distinctio,
944 1507 1003 1572 epau
1031 1490 1088 1555 dun
1110 1492 1235 1554 llluistri
1255 1493 1286 1554 in
1308 1491 1407 1555 Caena

310 1641 456 1690 essenon
478 1625 603 1690 obscure
625 1629 846 1704 agnoscuntur3
873 1628 1055 1698 terrenus,
1082 1625 1132 1702 qui
1160 1622 1252 1687 verba
1279 1630 1310 1687 et
1336 1639 1405 1704 pre-

309 1761 426 1823 catione
446 1757 632 1822 sanctificata
653 1742 856 1836 symictu‚'et
883 1753 1057 1830 coelectis,
1087 1759 1137 1835 qui
1167 1772 1268 1820 rerum
1297 1772 1405 1836 corpus

308 1895 339 1954 et
360 1891 536 1967 sanguinem
558 1889 683 1969 christi,
713 1888 811 1952 cilium
831 1887 991 1953 coelestem
1012 1889 1043 1950 in
1072 1887 1131 1950 iiie
1161 1891 1403 1952 communicanti-

309 2023 365 2087 bus
388 2021 531 2086 exhibuit.
628 2011 631 2020 ¹

392 2155 466 2218 Nam
488 2160 518 2218 et
541 2153 677 2218 elusim
700 2156 761 2235 ait,
782 2165 842 2218 nau
862 2153 959 2220 linces
979 2151 1034 2216 sel
1055 2157 1142 2232 pater
1162 2169 1246 2218 meus
1267 2156 1332 2234 ipse
1354 2153 1406 2217 dat

305 2285 389 2350 noim
409 2302 517 2367 panem
539 2286 577 2350 tie
597 2286 681 2351 coelo
700 2301 814 2350 verum.
835 2287 873 2350 nt
893 2285 985 2352 ueluti
1013 2285 1110 2350 lluses
1136 2301 1256 2352 caruem
1278 2288 1403 2352 warnae

306 2417 378 2481 citiit
399 2424 430 2480 ci
452 2422 608 2481 externum
631 2420 767 2497 iustitiae
795 2418 983 2495 signaculum
1002 2418 1142 2498 contult,
1173 2417 1228 2484 sed
1254 2421 1404 2484 internum

306 2549 404 2614 curulis
424 2551 678 2615 circumcisionem
706 2555 737 2614 ct
757 2553 801 2614 rei
822 2551 1011 2630 significatae
1038 2551 1226 2616 enliatiuucm
1254 2551 1404 2632 cpmuet

304 2685 399 2762 patris
421 2700 488 2747 esse
509 2687 664 2760 cognovit:
698 2684 744 2750 lie
757 2684 925 2750 *caelestem
945 2699 1054 2764 panem
1075 2687 1105 2746 ln
1127 2700 1214 2748 secra
1234 2701 1329 2750 crena
1348 2696 1406 2764 per

306 2817 448 2896 Spiritum
467 2822 607 2880 sanctum
628 2833 717 2884 suum
743 2823 902 2882 uenturum
929 2834 964 2882 ac
984 2835 1048 2882 rem
1069 2822 1164 2897 ipsam
1193 2820 1296 2896 largiri
1318 2819 1406 2884 nobis

308 2947 493 3028 Christianis,
519 2948 653 3013 llinistru
680 2964 768 3013 saera
795 2950 930 3026 symbola
957 2949 1164 3032 distribuente,
1192 2951 1272 3032 apud
1300 2961 1403 3018 unes

308 3085 393 3142 entra
415 3081 647 3147 controversiam
668 3097 737 3146 erse
758 3082 844 3146 nulls
865 3083 1088 3162 persuademus.
1138 3085 1212 3148 lluie
1238 3085 1314 3150 iacit
1342 3084 1406 3148 liu·-

304 3215 416 3289 gustinl
447 3213 559 3278 dictum
586 3213 626 3277 ad
654 3215 809 3280 circmses
838 3217 932 3294 Epist.
965 3215 1040 3280 130:
1090 3217 1172 3297 „linc
1200 3219 1264 3295 agit
1291 3217 1343 3282 illc
1373 3221 1402 3280 ct

306 3345 410 3428 eflicit,
432 3349 483 3426 qui
504 3361 558 3426 per
578 3349 731 3413 nmatrcs
753 3365 824 3412 suus
846 3359 949 3412 aarum
967 3351 1065 3427 cignis
1086 3354 1272 3416 extumeeus
1300 3349 1403 3416 alma·

299 3484 370 3558 net,
393 3479 476 3542 vobis
497 3487 597 3544 autem
618 3484 690 3561 ipsis
710 3499 765 3561 per
787 3493 821 3546 re
843 3485 940 3562 ipsum
960 3485 1142 3548 intnrsecus
1164 3483 1259 3548 uocet

389 3611 470 3684 Quod
500 3629 570 3676 vem
599 3614 708 3678 elicitur
735 3617 900 3678 animarum
927 3619 1097 3680 aminarum
1129 3618 1305 3681 alimentum
1332 3627 1404 3680 etse

303 3758 423 3806 carnem
446 3749 477 3807 et
497 3747 673 3822 sanguinem
689 3747 808 3827 Christi,
830 3746 861 3810 itl
882 3763 941 3813 nun
962 3751 1006 3814 ita
1027 3752 1188 3830 accipimus
1209 3754 1296 3831 quasi
1318 3756 1402 3816 maa·

294 3875 421 3942 ¹fusione
442 3875 631 3941 substantiae
652 3878 723 3960 liat,
745 3879 799 3943 secl
821 3881 898 3960 quau
913 3882 1040 3962 sptncm
1061 3887 1157 3948 sancti
1179 3887 1290 3948 rirmte
1309 3887 1401 3948 citam

305 4025 342 4071 er
370 4025 459 4072 earne
488 4015 519 4073 et
545 4013 691 4088 sanguine
719 4013 828 4077 Christi
855 4015 943 4079 umal
971 4033 1025 4096 pru
1053 4017 1139 4082 neiis
1167 4019 1299 4082 muciilri
1326 4017 1399 4082 irru-

306 4145 427 4206 ciamus.

358 4345 362 4352 ,
389 4277 470 4339 lianc
492 4294 561 4342 uem
591 4283 820 4360 propositionem
850 4283 1001 4358 (Christus
1023 4296 1069 4347 est
1090 4285 1214 4368 uirique)
1235 4303 1290 4365 per
1312 4287 1400 4351 iteu-
