3156 5096
186 731 229 778 ex
259 713 361 782 auditu
386 716 533 778 ¹sermonis
563 714 652 777 divini
679 713 779 787 (Rom.
803 710 851 794 10,
874 710 921 776 17.
944 713 1006 776 uri.
1025 711 1055 794 3,
1068 711 1104 790 2)
1126 718 1156 776 et
1185 713 1287 778 fideles

187 848 302 911 eiectos
335 846 373 910 ah
409 849 492 912 initio
525 847 562 909 ad
595 847 740 926 salntem,
778 846 817 909 ad
848 845 937 910 iidem
974 851 1096 910 uocatos
1135 863 1202 910 esse
1233 834 1308 925 per

186 981 442 1060 praedicationem
471 981 616 1055 euangelii
645 979 690 1057 (2.
713 997 759 1058 ep.
788 979 827 1042 ad
856 979 990 1043 Thessal.
1013 977 1049 1058 2,
1080 976 1128 1042 13.
1159 973 1222 1054 14).
1246 1011 1288 1022 -

186 1113 271 1177 Haeo
293 1115 391 1176 onmia
412 1115 490 1175 serio
511 1111 707 1191 perpendenti
727 1116 759 1174 et
779 1116 899 1191 praeter
920 1111 995 1174 alius
1018 1113 1184 1190 scripturae
1206 1111 1287 1176 iocos
1316 1083 1318 1092 ¹

186 1245 376 1324 praeclarum
397 1243 468 1306 illud
489 1243 644 1306 meditanti
665 1243 786 1322 dictum,
811 1258 869 1322 quo
891 1241 970 1306 filius
989 1242 1042 1306 liei
1063 1243 1127 1320 ipse
1141 1242 1288 1322 praedicit

189 1373 399 1455 (10.17,20)
429 1375 533 1438 hdeies
564 1378 643 1438 omni
677 1375 821 1442 ecclesiae
853 1381 987 1453 tempore
1014 1391 1068 1454 per
1100 1389 1288 1436 sermonem

192 1507 420 1585 (poeoniorum
437 1505 633 1568 credituros
654 1521 731 1569 eree
746 1509 776 1568 in
792 1522 826 1570 se
839 1539 881 1550 ·-
897 1507 1087 1569 manifestum
1106 1523 1173 1569 esse
1190 1507 1288 1586 dehet,

191 1638 314 1702 uerbum
330 1639 461 1702 divinum
473 1641 646 1716 primarium
662 1639 770 1703 saltem
784 1637 954 1702 habendum
976 1655 1044 1702 esse
1061 1637 1131 1702 iidei
1148 1638 1288 1718 medinm,

191 1786 250 1849 quo
271 1773 302 1832 in
323 1771 431 1832 adultis
458 1771 607 1834 ordinarie
636 1773 790 1834 conversio
817 1773 985 1850 peragitur,
1016 1770 1091 1834 tides
1114 1763 1288 1834 incenditur.

189 1903 293 1981 itaque
316 1918 417 1966 omnes
441 1902 573 1978 theologi
596 1903 761 1979 evangelici
784 1919 842 1966 uno
865 1919 915 1966 ore
938 1902 1063 1984 docent,
1092 1904 1209 1969 adultos
1229 1920 1288 1968 non

189 2052 258 2098 esse
287 2035 480 2112 baptizandos
511 2041 672 2114 antequam
706 2035 804 2098 edocti
832 2041 863 2098 et
892 2037 1039 2112 evangelii
1067 2035 1287 2115 praedicatione

190 2163 229 2226 ad
252 2163 400 2228 Christum
422 2170 540 2230 sincera
560 2166 619 2230 hde
639 2165 775 2245 perducti
795 2171 867 2230 sint.
882 2166 913 2241 *)
954 2169 986 2232 In
1008 2168 1066 2231 hac
1086 2170 1213 2232 veritate
1236 2167 1286 2230 dc-

188 2297 340 2360 iendenda
362 2302 423 2360 tam
443 2301 558 2362 strenui
578 2305 649 2362 suut
671 2316 790 2380 omues,
813 2305 846 2363 ut
867 2299 1054 2364 adversarios
1068 2302 1285 2380 perstringunt,

189 2428 268 2507 quod
283 2431 428 2504 magicam
446 2430 579 2493 tribuant
594 2434 652 2493 uim
672 2440 869 2512 sacramento,
893 2433 1028 2496 omnihus
1048 2433 1164 2496 diuinae
1180 2449 1284 2512 opera-

189 2561 278 2622 tionis
307 2567 338 2622 et
365 2561 515 2625 humanae
544 2569 669 2626 naturae
696 2564 812 2640 legibus
840 2572 1068 2643 repugnantem.
1111 2569 1175 2642 Ego
1203 2583 1284 2647 veno,

188 2693 243 2755 tali
260 2697 450 2758 concessione
469 2698 588 2758 minime
604 2702 773 2778 contentus,
795 2698 1002 2767 sustinendum
1021 2716 1088 2762 esse
1105 2705 1187 2780 puto,
1208 2717 1283 2762 nun-

189 2840 278 2904 quam
301 2841 356 2888 nec
376 2843 431 2904 per
459 2827 598 2906 baptismi
625 2847 681 2894 nec
711 2846 822 2895 coenae
843 2836 1062 2924 sacramentum
1084 2833 1163 2895 eihci
1184 2831 1283 2896 iidem.

187 2956 243 3020 tihi
265 2963 312 3022 est
334 2961 411 3022 enim
433 2960 555 3023 uerbum
576 2961 646 3040 liei,
679 2963 756 3042 quod
780 2963 832 3026 tali
855 2965 940 3028 titulo
962 2969 1048 3030 ornet
1070 2968 1282 3030 sacramenta?

188 3089 296 3153 Nuliihi
317 3095 447 3170 reperies
468 3097 633 3173 scriptume
653 3096 763 3158 dictum
784 3097 825 3160 ad
840 3099 909 3160 talis
926 3098 1077 3163 doctrinae
1097 3099 1282 3162 demonstro·

188 3223 296 3284 tionem
316 3223 462 3288 idoneum.
497 3227 528 3290 Si
547 3230 613 3305 quis
635 3227 755 3305 objiciat
777 3231 807 3290 iu
828 3230 952 3308 epistola
973 3229 1010 3292 ad
1028 3230 1148 3292 Galatas
1168 3229 1283 3292 laudari

186 3352 381 3431 oapnsmum,
412 3364 445 3418 ut
466 3360 712 3440 instrumentum,
743 3377 801 3440 quo
823 3361 972 3424 Christum
992 3362 1175 3442 induissent,
1204 3323 1294 3440 otrod-

187 3487 303 3564 quidem
325 3491 391 3550 sine
412 3489 470 3552 fide
492 3489 557 3553 heri
585 3507 644 3555 non
665 3499 785 3572 posset,
817 3510 875 3556 non
897 3510 1019 3569 egemus
1040 3495 1134 3558 solida
1158 3511 1281 3573 respon·

185 3619 278 3681 siene.
331 3619 398 3684 Scio
431 3625 507 3684 enim
542 3639 560 3686 a
589 3623 681 3688 Paulo
716 3627 758 3688 ita
794 3625 903 3688 scribi:
947 3627 1020 3723 itanu
1051 3629 1217 3705 quicunqne
1252 3630 1282 3689 in

186 3749 335 3813 Christum
356 3751 497 3832 baptizati
519 3754 636 3836 inistis,
659 3757 775 3821 Christo
797 3757 897 3822 fuistis
921 3759 1016 3822 induti
1045 3757 1090 3839 (3,
1109 3757 1184 3836 27).
1223 3761 1283 3824 Sed

185 3883 254 3960 qnid
281 3883 320 3946 ad
347 3888 436 3948 remi
490 3887 559 3950 Sine
587 3888 646 3950 dde
675 3891 706 3951 in
734 3889 883 3960 Clnistum
904 3909 991 3955 nemo
1018 3901 1109 3968 negot
1133 3891 1281 3956 Christum

182 4013 263 4088 indui
286 4031 344 4078 non
366 4033 463 4094 posse.
508 4021 545 4081 Ut
566 4020 676 4082 Paulus
700 4024 730 4083 iu
753 4024 877 4102 epistola
909 4025 946 4086 ad
970 4025 1117 4089 Romanos
1139 4025 1210 4105 (13,
1230 4025 1283 4097 14)

234 4291 263 4352 i¹)
286 4295 357 4348 inter
373 4295 470 4347 multos
488 4297 554 4350 aiios
572 4297 642 4353 coni.
660 4299 769 4362 nonina
787 4300 810 4354 d.
828 4301 904 4356 sehr.
922 4302 948 4354 d.
968 4302 1049 4356 Tauie
1067 4305 1086 4367 1,
1104 4317 1128 4367 p.
1145 4302 1267 4356 89-94.

1083 4389 1102 4452 2
