<?xml version="1.0" encoding="UTF-8"?>
<!DOCTYPE html PUBLIC "-//W3C//DTD XHTML 1.0 Transitional//EN"
    "http://www.w3.org/TR/xhtml1/DTD/xhtml1-transitional.dtd">
<html xmlns="http://www.w3.org/1999/xhtml" xml:lang="en" lang="en">
 <head>
  <title>
</title>
<meta http-equiv="Content-Type" content="text/html;charset=utf-8" />
  <meta name='ocr-system' content='tesseract 3.04.00' />
  <meta name='ocr-capabilities' content='ocr_page ocr_carea ocr_par ocr_line ocrx_word'/>
</head>
<body>
  <div class='ocr_page' id='page_1' title='image "./deconvenientia00sudhgoog_0061.png"; bbox 0 0 3156 5096; ppageno 0'>
   <div class='ocr_carea' id='block_1_1' title="bbox 271 680 1362 800">
    <p class='ocr_par' dir='ltr' id='par_1_1' title="bbox 271 680 1362 800">
     <span class='ocr_line' id='line_1_1' title="bbox 271 680 1362 800; baseline -0.009 -10"><span class='ocrx_word' id='word_1_1' title='bbox 271 751 311 772; x_wconf 78' lang='lat'><strong>--</strong></span> <span class='ocrx_word' id='word_1_2' title='bbox 332 726 431 790; x_wconf 85' lang='lat' dir='ltr'><strong>omnia</strong></span> <span class='ocrx_word' id='word_1_3' title='bbox 459 728 559 787; x_wconf 78' lang='lat' dir='ltr'><strong>manen</strong></span> <span class='ocrx_word' id='word_1_4' title='bbox 584 723 650 784; x_wconf 87' lang='lat' dir='ltr'><strong>sine</strong></span> <span class='ocrx_word' id='word_1_5' title='bbox 673 723 801 800; x_wconf 83' lang='lat' dir='ltr'><strong>paritum</strong></span> <span class='ocrx_word' id='word_1_6' title='bbox 828 717 926 783; x_wconf 67' lang='lat' dir='ltr'><strong>dudio</strong></span> <span class='ocrx_word' id='word_1_7' title='bbox 951 718 1145 798; x_wconf 79' lang='lat' dir='ltr'><strong>perpendenti</strong></span> <span class='ocrx_word' id='word_1_8' title='bbox 1172 680 1362 783; x_wconf 69' lang='lat' dir='ltr'><strong>nantissime</strong></span> 
     </span>
    </p>
   </div>
   <div class='ocr_carea' id='block_1_2' title="bbox 265 851 1438 4380">
    <p class='ocr_par' dir='ltr' id='par_1_2' title="bbox 265 851 1438 3581">
     <span class='ocr_line' id='line_1_2' title="bbox 270 851 1363 938; baseline -0.01 -16"><span class='ocrx_word' id='word_1_9' title='bbox 270 864 334 938; x_wconf 85' lang='lat' dir='ltr'><strong>est,</strong></span> <span class='ocrx_word' id='word_1_10' title='bbox 356 854 535 921; x_wconf 80' lang='lat' dir='ltr'><strong>Saevossitat</strong></span> <span class='ocrx_word' id='word_1_11' title='bbox 549 851 670 917; x_wconf 87' lang='lat' dir='ltr'><strong>Luiinert</strong></span> <span class='ocrx_word' id='word_1_12' title='bbox 683 852 803 933; x_wconf 89' lang='lat' dir='ltr'><strong>quidem</strong></span> <span class='ocrx_word' id='word_1_13' title='bbox 819 851 1035 916; x_wconf 83' lang='lat' dir='ltr'><strong>detendendam</strong></span> <span class='ocrx_word' id='word_1_14' title='bbox 1046 853 1234 930; x_wconf 76' lang='lat' dir='ltr'>proposuisse</span> <span class='ocrx_word' id='word_1_15' title='bbox 1251 851 1363 928; x_wconf 89' lang='lat' dir='ltr'><strong>optutu·</strong></span> 
     </span>
     <span class='ocr_line' id='line_1_3' title="bbox 270 951 1363 1064; baseline -0.011 -10"><span class='ocrx_word' id='word_1_16' title='bbox 270 1005 340 1054; x_wconf 88' lang='lat' dir='ltr'><strong>nem</strong></span> <span class='ocrx_word' id='word_1_17' title='bbox 351 989 405 1053; x_wconf 89' lang='lat' dir='ltr'><strong>sed</strong></span> <span class='ocrx_word' id='word_1_18' title='bbox 416 989 626 1052; x_wconf 81' lang='lat' dir='ltr'><strong>hcloetioorum</strong></span> <span class='ocrx_word' id='word_1_19' title='bbox 645 951 807 1050; x_wconf 85' lang='lat' dir='ltr'><strong>doctrinam</strong></span> <span class='ocrx_word' id='word_1_20' title='bbox 823 982 993 1064; x_wconf 83' lang='lat' dir='ltr'><strong>protulisse.</strong></span> <span class='ocrx_word' id='word_1_21' title='bbox 1014 981 1193 1062; x_wconf 73' lang='lat' dir='ltr'><strong>dejicientes</strong></span> <span class='ocrx_word' id='word_1_22' title='bbox 1206 985 1363 1062; x_wconf 85' lang='lat' dir='ltr'><strong>inpiorum</strong></span> 
     </span>
     <span class='ocr_line' id='line_1_4' title="bbox 269 1111 1364 1203; baseline -0.011 -17"><span class='ocrx_word' id='word_1_23' title='bbox 269 1123 526 1203; x_wconf 71' lang='lat' dir='ltr'><strong>participationem</strong></span> <span class='ocrx_word' id='word_1_24' title='bbox 545 1116 652 1182; x_wconf 79' lang='lat' dir='ltr'><strong>cinisii</strong></span> <span class='ocrx_word' id='word_1_25' title='bbox 670 1121 699 1181; x_wconf 90' lang='lat' dir='ltr'><strong>iu</strong></span> <span class='ocrx_word' id='word_1_26' title='bbox 718 1116 815 1182; x_wconf 82' lang='lat' dir='ltr'><strong>coena</strong></span> <span class='ocrx_word' id='word_1_27' title='bbox 831 1117 861 1180; x_wconf 93' lang='lat' dir='ltr'><strong>io</strong></span> <span class='ocrx_word' id='word_1_28' title='bbox 877 1117 968 1181; x_wconf 88' lang='lat' dir='ltr'><strong>iaicnr</strong></span> <span class='ocrx_word' id='word_1_29' title='bbox 983 1118 1172 1196; x_wconf 82' lang='lat' dir='ltr'><strong>praesentiae</strong></span> <span class='ocrx_word' id='word_1_30' title='bbox 1189 1111 1305 1178; x_wconf 80' lang='lat' dir='ltr'><strong>Domini</strong></span> <span class='ocrx_word' id='word_1_31' title='bbox 1318 1115 1364 1176; x_wconf 89' lang='lat' dir='ltr'><strong>tn·</strong></span> 
     </span>
     <span class='ocr_line' id='line_1_5' title="bbox 271 1245 1365 1330; baseline -0.009 -14"><span class='ocrx_word' id='word_1_32' title='bbox 271 1253 407 1317; x_wconf 81' lang='lat' dir='ltr'><strong>ciderunt</strong></span> <span class='ocrx_word' id='word_1_33' title='bbox 428 1250 556 1329; x_wconf 88' lang='lat' dir='ltr'><strong>modum,</strong></span> <span class='ocrx_word' id='word_1_34' title='bbox 580 1251 630 1330; x_wconf 91' lang='lat' dir='ltr'><strong>qut</strong></span> <span class='ocrx_word' id='word_1_35' title='bbox 651 1266 710 1314; x_wconf 92' lang='lat' dir='ltr'><strong>uon</strong></span> <span class='ocrx_word' id='word_1_36' title='bbox 731 1250 827 1314; x_wconf 84' lang='lat' dir='ltr'><strong>sotum</strong></span> <span class='ocrx_word' id='word_1_37' title='bbox 849 1247 1007 1313; x_wconf 78' lang='lat' dir='ltr'><strong>aiuthero</strong></span> <span class='ocrx_word' id='word_1_38' title='bbox 1027 1248 1176 1328; x_wconf 74' lang='lat' dir='ltr'><strong>reiicitur,</strong></span> <span class='ocrx_word' id='word_1_39' title='bbox 1197 1245 1252 1310; x_wconf 86' lang='lat' dir='ltr'><strong>sed</strong></span> <span class='ocrx_word' id='word_1_40' title='bbox 1274 1246 1365 1308; x_wconf 88' lang='lat' dir='ltr'><strong>ettam</strong></span> 
     </span>
     <span class='ocr_line' id='line_1_6' title="bbox 270 1376 1438 1465; baseline -0.009 -17"><span class='ocrx_word' id='word_1_41' title='bbox 270 1386 356 1448; x_wconf 87' lang='lat' dir='ltr'><strong>nobis</strong></span> <span class='ocrx_word' id='word_1_42' title='bbox 377 1386 495 1465; x_wconf 86' lang='lat' dir='ltr'><strong>placere</strong></span> <span class='ocrx_word' id='word_1_43' title='bbox 523 1397 582 1446; x_wconf 92' lang='lat' dir='ltr'><strong>non</strong></span> <span class='ocrx_word' id='word_1_44' title='bbox 608 1388 725 1462; x_wconf 84' lang='lat' dir='ltr'><strong>potest,</strong></span> <span class='ocrx_word' id='word_1_45' title='bbox 747 1397 837 1463; x_wconf 88' lang='lat' dir='ltr'><strong>quum</strong></span> <span class='ocrx_word' id='word_1_46' title='bbox 860 1382 1008 1444; x_wconf 82' lang='lat' dir='ltr'><strong>carnium</strong></span> <span class='ocrx_word' id='word_1_47' title='bbox 1028 1382 1127 1459; x_wconf 88' lang='lat' dir='ltr'><strong>impiis</strong></span> <span class='ocrx_word' id='word_1_48' title='bbox 1147 1385 1178 1442; x_wconf 88' lang='lat' dir='ltr'><strong>ct</strong></span> <span class='ocrx_word' id='word_1_49' title='bbox 1198 1376 1367 1441; x_wconf 82' lang='lat' dir='ltr'><strong>iuddeiitrus</strong></span> <span class='ocrx_word' id='word_1_50' title='bbox 1434 1415 1438 1422; x_wconf 91' lang='lat'>-</span> 
     </span>
     <span class='ocr_line' id='line_1_7' title="bbox 270 1511 1366 1581; baseline -0.005 -2"><span class='ocrx_word' id='word_1_51' title='bbox 270 1518 301 1579; x_wconf 91' lang='lat' dir='ltr'><strong>in</strong></span> <span class='ocrx_word' id='word_1_52' title='bbox 323 1516 421 1580; x_wconf 87' lang='lat' dir='ltr'><strong>Coena</strong></span> <span class='ocrx_word' id='word_1_53' title='bbox 444 1516 559 1581; x_wconf 83' lang='lat' dir='ltr'><strong>Domini</strong></span> <span class='ocrx_word' id='word_1_54' title='bbox 584 1516 772 1580; x_wconf 83' lang='lat' dir='ltr'><strong>vescentibus</strong></span> <span class='ocrx_word' id='word_1_55' title='bbox 795 1515 885 1578; x_wconf 80' lang='lat' dir='ltr'><strong>erton</strong></span> <span class='ocrx_word' id='word_1_56' title='bbox 906 1511 1078 1576; x_wconf 75' lang='lat' dir='ltr'><strong>ademtam</strong></span> <span class='ocrx_word' id='word_1_57' title='bbox 1098 1526 1166 1576; x_wconf 84' lang='lat' dir='ltr'><strong>esse</strong></span> <span class='ocrx_word' id='word_1_58' title='bbox 1187 1514 1366 1574; x_wconf 81' lang='lat' dir='ltr'><strong>sustineant.</strong></span> 
     </span>
     <span class='ocr_line' id='line_1_8' title="bbox 272 1644 1365 1729; baseline -0.006 -17"><span class='ocrx_word' id='word_1_59' title='bbox 272 1649 548 1729; x_wconf 57' lang='lat' dir='ltr'><strong>»necopinantem</strong></span> <span class='ocrx_word' id='word_1_60' title='bbox 578 1648 679 1712; x_wconf 90' lang='lat' dir='ltr'><strong>dicunt</strong></span> <span class='ocrx_word' id='word_1_61' title='bbox 700 1650 807 1728; x_wconf 87' lang='lat' dir='ltr'><strong>sueri,</strong></span> <span class='ocrx_word' id='word_1_62' title='bbox 836 1663 1005 1727; x_wconf 75' lang='lat' dir='ltr'><strong>quenquam</strong></span> <span class='ocrx_word' id='word_1_63' title='bbox 1035 1651 1097 1710; x_wconf 89' lang='lat' dir='ltr'><strong>tam</strong></span> <span class='ocrx_word' id='word_1_64' title='bbox 1125 1646 1215 1724; x_wconf 89' lang='lat' dir='ltr'><strong>impie</strong></span> <span class='ocrx_word' id='word_1_65' title='bbox 1242 1644 1365 1720; x_wconf 87' lang='lat' dir='ltr'><strong>sentire,</strong></span> 
     </span>
     <span class='ocr_line' id='line_1_9' title="bbox 271 1775 1365 1860; baseline -0.004 -16"><span class='ocrx_word' id='word_1_66' title='bbox 271 1782 322 1860; x_wconf 88' lang='lat' dir='ltr'><strong>qni</strong></span> <span class='ocrx_word' id='word_1_67' title='bbox 354 1784 445 1857; x_wconf 78' lang='lat' dir='ltr'><strong>uenat</strong></span> <span class='ocrx_word' id='word_1_68' title='bbox 474 1776 562 1844; x_wconf 89' lang='lat' dir='ltr'><strong>iidem</strong></span> <span class='ocrx_word' id='word_1_69' title='bbox 592 1779 694 1844; x_wconf 83' lang='lat' dir='ltr'><strong>iibere</strong></span> <span class='ocrx_word' id='word_1_70' title='bbox 718 1783 897 1857; x_wconf 80' lang='lat' dir='ltr'><strong>sanquinem</strong></span> <span class='ocrx_word' id='word_1_71' title='bbox 925 1783 956 1842; x_wconf 92' lang='lat' dir='ltr'><strong>et</strong></span> <span class='ocrx_word' id='word_1_72' title='bbox 984 1793 1103 1843; x_wconf 74' lang='lat' dir='ltr'><strong>monem</strong></span> <span class='ocrx_word' id='word_1_73' title='bbox 1126 1777 1236 1840; x_wconf 81' lang='lat' dir='ltr'><strong>Christi</strong></span> <span class='ocrx_word' id='word_1_74' title='bbox 1266 1775 1365 1840; x_wconf 87' lang='lat' dir='ltr'><strong>edere.</strong></span> 
     </span>
     <span class='ocr_line' id='line_1_10' title="bbox 270 1909 1367 1984; baseline -0.006 -9"><span class='ocrx_word' id='word_1_75' title='bbox 270 1914 320 1976; x_wconf 85' lang='lat' dir='ltr'><strong>Sic</strong></span> <span class='ocrx_word' id='word_1_76' title='bbox 353 1915 431 1976; x_wconf 85' lang='lat' dir='ltr'><strong>enirn</strong></span> <span class='ocrx_word' id='word_1_77' title='bbox 461 1917 503 1976; x_wconf 87' lang='lat' dir='ltr'><strong>nit</strong></span> <span class='ocrx_word' id='word_1_78' title='bbox 539 1914 581 1976; x_wconf 90' lang='lat' dir='ltr'><strong>io.</strong></span> <span class='ocrx_word' id='word_1_79' title='bbox 610 1909 640 1978; x_wconf 86' lang='grc'><strong>6.</strong></span> <span class='ocrx_word' id='word_1_80' title='bbox 695 1914 770 1976; x_wconf 84' lang='lat' dir='ltr'><strong>caro</strong></span> <span class='ocrx_word' id='word_1_81' title='bbox 800 1926 865 1974; x_wconf 87' lang='lat' dir='ltr'><strong>rnen</strong></span> <span class='ocrx_word' id='word_1_82' title='bbox 894 1927 964 1974; x_wconf 80' lang='lat' dir='ltr'><strong>rere</strong></span> <span class='ocrx_word' id='word_1_83' title='bbox 993 1915 1040 1974; x_wconf 91' lang='lat' dir='ltr'><strong>est</strong></span> <span class='ocrx_word' id='word_1_84' title='bbox 1067 1909 1152 1972; x_wconf 80' lang='lat' dir='ltr'><strong>etiarm</strong></span> <span class='ocrx_word' id='word_1_85' title='bbox 1182 1915 1213 1971; x_wconf 88' lang='lat' dir='ltr'><strong>et</strong></span> <span class='ocrx_word' id='word_1_86' title='bbox 1241 1910 1367 1984; x_wconf 77' lang='lat' dir='ltr'><strong>sanquis</strong></span> 
     </span>
     <span class='ocr_line' id='line_1_11' title="bbox 269 2042 1367 2139; baseline -0.002 -33"><span class='ocrx_word' id='word_1_87' title='bbox 269 2059 354 2106; x_wconf 82' lang='lat' dir='ltr'><strong>meus</strong></span> <span class='ocrx_word' id='word_1_88' title='bbox 376 2059 447 2139; x_wconf 87' lang='lat' dir='ltr'><strong>uere</strong></span> <span class='ocrx_word' id='word_1_89' title='bbox 473 2050 520 2108; x_wconf 85' lang='lat' dir='ltr'><strong>est</strong></span> <span class='ocrx_word' id='word_1_90' title='bbox 540 2051 639 2124; x_wconf 87' lang='lat' dir='ltr'><strong>potus.</strong></span> <span class='ocrx_word' id='word_1_91' title='bbox 682 2046 796 2122; x_wconf 81' lang='lat' dir='ltr'><strong>cujusi</strong></span> <span class='ocrx_word' id='word_1_92' title='bbox 831 2044 928 2122; x_wconf 81' lang='lat' dir='ltr'><strong>Fidei,</strong></span> <span class='ocrx_word' id='word_1_93' title='bbox 957 2058 1026 2106; x_wconf 90' lang='lat' dir='ltr'><strong>uam</strong></span> <span class='ocrx_word' id='word_1_94' title='bbox 1053 2043 1127 2106; x_wconf 88' lang='lat' dir='ltr'><strong>fides</strong></span> <span class='ocrx_word' id='word_1_95' title='bbox 1157 2042 1218 2106; x_wconf 89' lang='lat' dir='ltr'><strong>edit</strong></span> <span class='ocrx_word' id='word_1_96' title='bbox 1245 2057 1367 2106; x_wconf 83' lang='lat' dir='ltr'><strong>nanneto</strong></span> 
     </span>
     <span class='ocr_line' id='line_1_12' title="bbox 270 2172 1368 2255; baseline -0.005 -15"><span class='ocrx_word' id='word_1_97' title='bbox 270 2177 379 2242; x_wconf 84' lang='lat' dir='ltr'><strong>curisti</strong></span> <span class='ocrx_word' id='word_1_98' title='bbox 402 2183 433 2240; x_wconf 92' lang='lat' dir='ltr'><strong>et</strong></span> <span class='ocrx_word' id='word_1_99' title='bbox 453 2176 529 2240; x_wconf 83' lang='lat' dir='ltr'><strong>uiuit</strong></span> <span class='ocrx_word' id='word_1_100' title='bbox 548 2179 725 2254; x_wconf 73' lang='lat' dir='ltr'><strong>sanquinem</strong></span> <span class='ocrx_word' id='word_1_101' title='bbox 748 2179 814 2255; x_wconf 85' lang='lat' dir='ltr'><strong>ejus</strong></span> <span class='ocrx_word' id='word_1_102' title='bbox 836 2176 906 2238; x_wconf 91' lang='lat' dir='ltr'><strong>dum</strong></span> <span class='ocrx_word' id='word_1_103' title='bbox 929 2176 1042 2244; x_wconf 85' lang='lat' dir='ltr'><strong>credit:</strong></span> <span class='ocrx_word' id='word_1_104' title='bbox 1068 2173 1130 2254; x_wconf 75' lang='lat' dir='ltr'><strong>ianr</strong></span> <span class='ocrx_word' id='word_1_105' title='bbox 1151 2177 1177 2236; x_wconf 88' lang='lat' dir='ltr'><strong>si</strong></span> <span class='ocrx_word' id='word_1_106' title='bbox 1199 2172 1273 2242; x_wconf 79' lang='lat' dir='ltr'><strong>ntes</strong></span> <span class='ocrx_word' id='word_1_107' title='bbox 1297 2174 1368 2236; x_wconf 87' lang='lat' dir='ltr'><strong>edat</strong></span> 
     </span>
     <span class='ocr_line' id='line_1_13' title="bbox 269 2311 1366 2390; baseline -0.004 -16"><span class='ocrx_word' id='word_1_108' title='bbox 269 2325 389 2375; x_wconf 86' lang='lat' dir='ltr'><strong>carnem</strong></span> <span class='ocrx_word' id='word_1_109' title='bbox 412 2317 442 2374; x_wconf 90' lang='lat' dir='ltr'><strong>et</strong></span> <span class='ocrx_word' id='word_1_110' title='bbox 461 2311 544 2374; x_wconf 82' lang='lat' dir='ltr'><strong>ornat</strong></span> <span class='ocrx_word' id='word_1_111' title='bbox 564 2313 750 2390; x_wconf 79' lang='lat' dir='ltr'><strong>sanguinem,</strong></span> <span class='ocrx_word' id='word_1_112' title='bbox 771 2315 1005 2372; x_wconf 86' lang='lat' dir='ltr'><strong>consentaneum</strong></span> <span class='ocrx_word' id='word_1_113' title='bbox 1028 2313 1084 2387; x_wconf 90' lang='lat' dir='ltr'><strong>est,</strong></span> <span class='ocrx_word' id='word_1_114' title='bbox 1107 2323 1227 2370; x_wconf 86' lang='lat' dir='ltr'><strong>carnem</strong></span> <span class='ocrx_word' id='word_1_115' title='bbox 1247 2315 1366 2370; x_wconf 87' lang='lat' dir='ltr'><strong>et-sau·</strong></span> 
     </span>
     <span class='ocr_line' id='line_1_14' title="bbox 270 2440 1366 2522; baseline -0.002 -18"><span class='ocrx_word' id='word_1_116' title='bbox 270 2447 390 2518; x_wconf 74' lang='lat' dir='ltr'><strong>guinem</strong></span> <span class='ocrx_word' id='word_1_117' title='bbox 412 2460 480 2506; x_wconf 89' lang='lat' dir='ltr'><strong>esse</strong></span> <span class='ocrx_word' id='word_1_118' title='bbox 503 2445 693 2522; x_wconf 86' lang='lat' dir='ltr'><strong>praeseutia:</strong></span> <span class='ocrx_word' id='word_1_119' title='bbox 721 2440 881 2520; x_wconf 88' lang='lat' dir='ltr'><strong>siquidem,</strong></span> <span class='ocrx_word' id='word_1_120' title='bbox 906 2444 933 2504; x_wconf 93' lang='lat' dir='ltr'><strong>si</strong></span> <span class='ocrx_word' id='word_1_121' title='bbox 963 2457 1022 2504; x_wconf 91' lang='lat' dir='ltr'><strong>non</strong></span> <span class='ocrx_word' id='word_1_122' title='bbox 1054 2448 1157 2505; x_wconf 86' lang='lat' dir='ltr'><strong>esseut</strong></span> <span class='ocrx_word' id='word_1_123' title='bbox 1184 2442 1366 2520; x_wconf 82' lang='lat' dir='ltr'><strong>praesentia,</strong></span> 
     </span>
     <span class='ocr_line' id='line_1_15' title="bbox 270 2572 1367 2654; baseline -0.002 -16"><span class='ocrx_word' id='word_1_124' title='bbox 270 2591 329 2638; x_wconf 92' lang='lat' dir='ltr'><strong>non</strong></span> <span class='ocrx_word' id='word_1_125' title='bbox 350 2579 474 2654; x_wconf 88' lang='lat' dir='ltr'><strong>possent</strong></span> <span class='ocrx_word' id='word_1_126' title='bbox 497 2573 544 2636; x_wconf 88' lang='lat' dir='ltr'><strong>odi</strong></span> <span class='ocrx_word' id='word_1_127' title='bbox 567 2580 619 2638; x_wconf 89' lang='lat' dir='ltr'><strong>aut</strong></span> <span class='ocrx_word' id='word_1_128' title='bbox 639 2573 715 2654; x_wconf 86' lang='lat' dir='ltr'><strong>bibi,</strong></span> <span class='ocrx_word' id='word_1_129' title='bbox 746 2579 798 2636; x_wconf 92' lang='lat' dir='ltr'><strong>aut</strong></span> <span class='ocrx_word' id='word_1_130' title='bbox 824 2576 850 2636; x_wconf 90' lang='lat' dir='ltr'><strong>si</strong></span> <span class='ocrx_word' id='word_1_131' title='bbox 876 2576 969 2636; x_wconf 80' lang='lat' dir='ltr'><strong>maris</strong></span> <span class='ocrx_word' id='word_1_132' title='bbox 990 2572 1081 2636; x_wconf 89' lang='lat' dir='ltr'><strong>credi.</strong></span> <span class='ocrx_word' id='word_1_133' title='bbox 1124 2572 1367 2652; x_wconf 72' lang='lat' dir='ltr'><strong>Quandoquidem</strong></span> 
     </span>
     <span class='ocr_line' id='line_1_16' title="bbox 270 2705 1367 2786; baseline -0.003 -16"><span class='ocrx_word' id='word_1_134' title='bbox 270 2707 364 2770; x_wconf 80' lang='lat' dir='ltr'><strong>iieum</strong></span> <span class='ocrx_word' id='word_1_135' title='bbox 395 2710 490 2784; x_wconf 91' lang='lat' dir='ltr'><strong>ipsum</strong></span> <span class='ocrx_word' id='word_1_136' title='bbox 522 2705 627 2784; x_wconf 86' lang='lat' dir='ltr'><strong>edere,</strong></span> <span class='ocrx_word' id='word_1_137' title='bbox 658 2705 714 2768; x_wconf 91' lang='lat' dir='ltr'><strong>hoc</strong></span> <span class='ocrx_word' id='word_1_138' title='bbox 743 2710 805 2786; x_wconf 88' lang='lat' dir='ltr'><strong>est,</strong></span> <span class='ocrx_word' id='word_1_139' title='bbox 837 2706 959 2769; x_wconf 85' lang='lat' dir='ltr'><strong>credere</strong></span> <span class='ocrx_word' id='word_1_140' title='bbox 989 2721 1076 2770; x_wconf 88' lang='lat' dir='ltr'><strong>nemo</strong></span> <span class='ocrx_word' id='word_1_141' title='bbox 1103 2710 1203 2784; x_wconf 90' lang='lat' dir='ltr'><strong>potest</strong></span> <span class='ocrx_word' id='word_1_142' title='bbox 1232 2707 1289 2768; x_wconf 90' lang='lat' dir='ltr'><strong>nisi</strong></span> <span class='ocrx_word' id='word_1_143' title='bbox 1317 2706 1367 2767; x_wconf 87' lang='lat' dir='ltr'><strong>oui</strong></span> 
     </span>
     <span class='ocr_line' id='line_1_17' title="bbox 265 2827 1365 2918; baseline -0.002 -17"><span class='ocrx_word' id='word_1_144' title='bbox 265 2827 351 2901; x_wconf 81' lang='lat' dir='ltr'><strong>¹lieus</strong></span> <span class='ocrx_word' id='word_1_145' title='bbox 369 2853 513 2918; x_wconf 87' lang='lat' dir='ltr'><strong>praescus</strong></span> <span class='ocrx_word' id='word_1_146' title='bbox 530 2839 632 2902; x_wconf 81' lang='lat' dir='ltr'><strong>inerit.</strong></span> <span class='ocrx_word' id='word_1_147' title='bbox 668 2839 767 2917; x_wconf 88' lang='lat' dir='ltr'><strong>impiis</strong></span> <span class='ocrx_word' id='word_1_148' title='bbox 786 2844 816 2901; x_wconf 91' lang='lat' dir='ltr'><strong>ei</strong></span> <span class='ocrx_word' id='word_1_149' title='bbox 835 2837 1001 2901; x_wconf 87' lang='lat' dir='ltr'><strong>iuiidetibus</strong></span> <span class='ocrx_word' id='word_1_150' title='bbox 1019 2836 1143 2900; x_wconf 83' lang='lat' dir='ltr'><strong>absens</strong></span> <span class='ocrx_word' id='word_1_151' title='bbox 1163 2843 1219 2918; x_wconf 87' lang='lat' dir='ltr'><strong>est,</strong></span> <span class='ocrx_word' id='word_1_152' title='bbox 1240 2834 1365 2918; x_wconf 83' lang='lat' dir='ltr'><strong>proinde</strong></span> 
     </span>
     <span class='ocr_line' id='line_1_18' title="bbox 270 2961 1365 3050; baseline -0.002 -16"><span class='ocrx_word' id='word_1_153' title='bbox 270 2989 326 3035; x_wconf 87' lang='lat' dir='ltr'><strong>nee</strong></span> <span class='ocrx_word' id='word_1_154' title='bbox 354 2961 437 3034; x_wconf 88' lang='lat' dir='ltr'><strong>iilum</strong></span> <span class='ocrx_word' id='word_1_155' title='bbox 466 2973 587 3034; x_wconf 80' lang='lat' dir='ltr'><strong>stiunt«</strong></span> <span class='ocrx_word' id='word_1_156' title='bbox 638 2971 765 3034; x_wconf 75' lang='lat' dir='ltr'><strong>Videant</strong></span> <span class='ocrx_word' id='word_1_157' title='bbox 795 2975 844 3050; x_wconf 93' lang='lat' dir='ltr'><strong>qui</strong></span> <span class='ocrx_word' id='word_1_158' title='bbox 873 2971 960 3034; x_wconf 87' lang='lat' dir='ltr'><strong>hodie</strong></span> <span class='ocrx_word' id='word_1_159' title='bbox 982 2971 1128 3035; x_wconf 84' lang='lat' dir='ltr'><strong>lutherani</strong></span> <span class='ocrx_word' id='word_1_160' title='bbox 1159 2987 1225 3034; x_wconf 84' lang='lat' dir='ltr'><strong>esse</strong></span> <span class='ocrx_word' id='word_1_161' title='bbox 1252 2970 1365 3048; x_wconf 85' lang='lat' dir='ltr'><strong>uolunt,</strong></span> 
     </span>
     <span class='ocr_line' id='line_1_19' title="bbox 272 3103 1367 3185; baseline -0.004 -17"><span class='ocrx_word' id='word_1_162' title='bbox 272 3123 321 3185; x_wconf 88' lang='lat' dir='ltr'><strong>ue,</strong></span> <span class='ocrx_word' id='word_1_163' title='bbox 343 3107 455 3182; x_wconf 85' lang='lat' dir='ltr'><strong>rejecta</strong></span> <span class='ocrx_word' id='word_1_164' title='bbox 476 3105 631 3182; x_wconf 86' lang='lat' dir='ltr'><strong>impiorum</strong></span> <span class='ocrx_word' id='word_1_165' title='bbox 644 3103 753 3166; x_wconf 80' lang='lat' dir='ltr'><strong>Christi</strong></span> <span class='ocrx_word' id='word_1_166' title='bbox 776 3106 805 3166; x_wconf 92' lang='lat' dir='ltr'><strong>in</strong></span> <span class='ocrx_word' id='word_1_167' title='bbox 819 3105 917 3166; x_wconf 86' lang='lat' dir='ltr'><strong>Coena</strong></span> <span class='ocrx_word' id='word_1_168' title='bbox 938 3107 1174 3184; x_wconf 78' lang='lat' dir='ltr'><strong>participatione,</strong></span> <span class='ocrx_word' id='word_1_169' title='bbox 1194 3105 1367 3166; x_wconf 86' lang='lat' dir='ltr'><strong>mereantur</strong></span> 
     </span>
     <span class='ocr_line' id='line_1_20' title="bbox 271 3235 1366 3319; baseline -0.004 -19"><span class='ocrx_word' id='word_1_170' title='bbox 271 3239 349 3301; x_wconf 88' lang='lat' dir='ltr'><strong>idem</strong></span> <span class='ocrx_word' id='word_1_171' title='bbox 375 3238 534 3316; x_wconf 82' lang='lat' dir='ltr'><strong>judicium,</strong></span> <span class='ocrx_word' id='word_1_172' title='bbox 564 3252 622 3314; x_wconf 92' lang='lat' dir='ltr'><strong>quo</strong></span> <span class='ocrx_word' id='word_1_173' title='bbox 645 3235 887 3316; x_wconf 80' lang='lat' dir='ltr'><strong>oecolampadius</strong></span> <span class='ocrx_word' id='word_1_174' title='bbox 915 3238 946 3298; x_wconf 92' lang='lat' dir='ltr'><strong>in</strong></span> <span class='ocrx_word' id='word_1_175' title='bbox 975 3235 1366 3319; x_wconf 83' lang='lat' dir='ltr'><strong>celeberrimoinuictoque</strong></span> 
     </span>
     <span class='ocr_line' id='line_1_21' title="bbox 271 3368 1366 3448; baseline -0.004 -14"><span class='ocrx_word' id='word_1_176' title='bbox 271 3370 564 3446; x_wconf 76' lang='lat' dir='ltr'><strong>antisyngrannate</strong></span> <span class='ocrx_word' id='word_1_177' title='bbox 602 3384 656 3432; x_wconf 93' lang='lat' dir='ltr'><strong>suo</strong></span> <span class='ocrx_word' id='word_1_178' title='bbox 688 3368 802 3432; x_wconf 89' lang='lat' dir='ltr'><strong>Suevos</strong></span> <span class='ocrx_word' id='word_1_179' title='bbox 843 3371 1003 3448; x_wconf 80' lang='lat' dir='ltr'><strong>castigavit</strong></span> <span class='ocrx_word' id='word_1_180' title='bbox 1041 3368 1164 3434; x_wconf 88' lang='lat' dir='ltr'><strong>diceus:</strong></span> <span class='ocrx_word' id='word_1_181' title='bbox 1199 3373 1366 3448; x_wconf 85' lang='lat' dir='ltr'><strong>»quaeruut</strong></span> 
     </span>
     <span class='ocr_line' id='line_1_22' title="bbox 271 3503 825 3581; baseline -0.004 -15"><span class='ocrx_word' id='word_1_182' title='bbox 271 3503 371 3566; x_wconf 87' lang='lat' dir='ltr'><strong>iontcs</strong></span> <span class='ocrx_word' id='word_1_183' title='bbox 393 3507 424 3565; x_wconf 90' lang='lat' dir='ltr'><strong>et</strong></span> <span class='ocrx_word' id='word_1_184' title='bbox 446 3517 504 3564; x_wconf 93' lang='lat' dir='ltr'><strong>non</strong></span> <span class='ocrx_word' id='word_1_185' title='bbox 525 3507 673 3581; x_wconf 87' lang='lat' dir='ltr'><strong>quaerunt</strong></span> <span class='ocrx_word' id='word_1_186' title='bbox 693 3515 787 3581; x_wconf 91' lang='lat' dir='ltr'><strong>aquas</strong></span> <span class='ocrx_word' id='word_1_187' title='bbox 798 3504 825 3564; x_wconf 82' lang='lat' dir='ltr'><strong>t«</strong></span> 
     </span>
    </p>

    <p class='ocr_par' dir='ltr' id='par_1_3' title="bbox 271 3631 1367 4380">
     <span class='ocr_line' id='line_1_23' title="bbox 355 3631 1364 3714; baseline -0.002 -19"><span class='ocrx_word' id='word_1_188' title='bbox 355 3632 436 3707; x_wconf 74' lang='lat' dir='ltr'><strong>Quod</strong></span> <span class='ocrx_word' id='word_1_189' title='bbox 457 3632 493 3696; x_wconf 92' lang='lat' dir='ltr'><strong>de</strong></span> <span class='ocrx_word' id='word_1_190' title='bbox 515 3635 712 3696; x_wconf 87' lang='lat' dir='ltr'><strong>sacramentis</strong></span> <span class='ocrx_word' id='word_1_191' title='bbox 737 3635 801 3711; x_wconf 80' lang='lat' dir='ltr'><strong>jam</strong></span> <span class='ocrx_word' id='word_1_192' title='bbox 828 3633 965 3714; x_wconf 87' lang='lat' dir='ltr'><strong>probavi,</strong></span> <span class='ocrx_word' id='word_1_193' title='bbox 987 3647 1047 3696; x_wconf 91' lang='lat' dir='ltr'><strong>uon</strong></span> <span class='ocrx_word' id='word_1_194' title='bbox 1069 3640 1116 3696; x_wconf 87' lang='lat' dir='ltr'><strong>est</strong></span> <span class='ocrx_word' id='word_1_195' title='bbox 1137 3649 1191 3695; x_wconf 89' lang='lat' dir='ltr'><strong>cur</strong></span> <span class='ocrx_word' id='word_1_196' title='bbox 1216 3632 1253 3695; x_wconf 88' lang='lat' dir='ltr'><strong>de</strong></span> <span class='ocrx_word' id='word_1_197' title='bbox 1275 3631 1364 3695; x_wconf 85' lang='lat' dir='ltr'><strong>rcrbo</strong></span> 
     </span>
     <span class='ocr_line' id='line_1_24' title="bbox 272 3765 1364 3848; baseline -0.004 -18"><span class='ocrx_word' id='word_1_198' title='bbox 272 3767 481 3830; x_wconf 89' lang='lat' dir='ltr'><strong>demonstrem.</strong></span> <span class='ocrx_word' id='word_1_199' title='bbox 525 3767 633 3829; x_wconf 86' lang='lat' dir='ltr'><strong>Omnes</strong></span> <span class='ocrx_word' id='word_1_200' title='bbox 655 3767 734 3830; x_wconf 90' lang='lat' dir='ltr'><strong>euim</strong></span> <span class='ocrx_word' id='word_1_201' title='bbox 761 3765 941 3848; x_wconf 86' lang='lat' dir='ltr'><strong>concedunt,</strong></span> <span class='ocrx_word' id='word_1_202' title='bbox 971 3767 1061 3832; x_wconf 81' lang='lat' dir='ltr'><strong>nerito</strong></span> <span class='ocrx_word' id='word_1_203' title='bbox 1090 3766 1187 3832; x_wconf 84' lang='lat' dir='ltr'><strong>diuino</strong></span> <span class='ocrx_word' id='word_1_204' title='bbox 1215 3769 1274 3829; x_wconf 85' lang='lat' dir='ltr'><strong>rim</strong></span> <span class='ocrx_word' id='word_1_205' title='bbox 1302 3779 1364 3827; x_wconf 88' lang='lat' dir='ltr'><strong>ura·</strong></span> 
     </span>
     <span class='ocr_line' id='line_1_25' title="bbox 274 3899 1365 3981; baseline -0.002 -17"><span class='ocrx_word' id='word_1_206' title='bbox 274 3905 341 3977; x_wconf 78' lang='lat' dir='ltr'><strong>gine</strong></span> <span class='ocrx_word' id='word_1_207' title='bbox 371 3906 544 3981; x_wconf 90' lang='lat' dir='ltr'><strong>operantem</strong></span> <span class='ocrx_word' id='word_1_208' title='bbox 573 3915 632 3962; x_wconf 91' lang='lat' dir='ltr'><strong>nou</strong></span> <span class='ocrx_word' id='word_1_209' title='bbox 663 3915 730 3962; x_wconf 86' lang='lat' dir='ltr'><strong>esse</strong></span> <span class='ocrx_word' id='word_1_210' title='bbox 759 3899 956 3964; x_wconf 83' lang='lat' dir='ltr'><strong>tribuendam.</strong></span> <span class='ocrx_word' id='word_1_211' title='bbox 1010 3902 1200 3981; x_wconf 81' lang='lat' dir='ltr'><strong>Exponenda</strong></span> <span class='ocrx_word' id='word_1_212' title='bbox 1229 3917 1265 3964; x_wconf 89' lang='lat' dir='ltr'><strong>no</strong></span> <span class='ocrx_word' id='word_1_213' title='bbox 1293 3902 1365 3963; x_wconf 84' lang='lat' dir='ltr'><strong>scri-</strong></span> 
     </span>
     <span class='ocr_line' id='line_1_26' title="bbox 271 4031 1367 4114; baseline -0.003 -18"><span class='ocrx_word' id='word_1_214' title='bbox 271 4039 359 4114; x_wconf 88' lang='lat' dir='ltr'><strong>ptura</strong></span> <span class='ocrx_word' id='word_1_215' title='bbox 381 4034 446 4096; x_wconf 85' lang='lat' dir='ltr'><strong>luce</strong></span> <span class='ocrx_word' id='word_1_216' title='bbox 468 4033 575 4096; x_wconf 86' lang='lat' dir='ltr'><strong>otarius</strong></span> <span class='ocrx_word' id='word_1_217' title='bbox 598 4031 713 4113; x_wconf 84' lang='lat' dir='ltr'><strong>docent,</strong></span> <span class='ocrx_word' id='word_1_218' title='bbox 736 4034 883 4110; x_wconf 80' lang='lat' dir='ltr'><strong>euangelii</strong></span> <span class='ocrx_word' id='word_1_219' title='bbox 906 4031 1156 4112; x_wconf 81' lang='lat' dir='ltr'><strong>praedicationem</strong></span> <span class='ocrx_word' id='word_1_220' title='bbox 1178 4033 1225 4096; x_wconf 91' lang='lat' dir='ltr'><strong>his</strong></span> <span class='ocrx_word' id='word_1_221' title='bbox 1247 4031 1367 4111; x_wconf 87' lang='lat' dir='ltr'><strong>quidem</strong></span> 
     </span>
     <span class='ocr_line' id='line_1_27' title="bbox 273 4163 1367 4246; baseline -0.005 -14"><span class='ocrx_word' id='word_1_222' title='bbox 273 4167 393 4232; x_wconf 89' lang='lat' dir='ltr'><strong>odorem</strong></span> <span class='ocrx_word' id='word_1_223' title='bbox 422 4169 526 4230; x_wconf 89' lang='lat' dir='ltr'><strong>mortis</strong></span> <span class='ocrx_word' id='word_1_224' title='bbox 554 4183 621 4229; x_wconf 90' lang='lat' dir='ltr'><strong>csse</strong></span> <span class='ocrx_word' id='word_1_225' title='bbox 650 4164 688 4230; x_wconf 89' lang='lat' dir='ltr'><strong>ad</strong></span> <span class='ocrx_word' id='word_1_226' title='bbox 717 4174 860 4246; x_wconf 88' lang='lat' dir='ltr'><strong>moriem,</strong></span> <span class='ocrx_word' id='word_1_227' title='bbox 889 4166 948 4230; x_wconf 87' lang='lat' dir='ltr'><strong>iliis</strong></span> <span class='ocrx_word' id='word_1_228' title='bbox 975 4183 1045 4230; x_wconf 83' lang='lat' dir='ltr'><strong>noro</strong></span> <span class='ocrx_word' id='word_1_229' title='bbox 1074 4168 1194 4240; x_wconf 83' lang='lat' dir='ltr'><strong>odorem</strong></span> <span class='ocrx_word' id='word_1_230' title='bbox 1220 4169 1299 4229; x_wconf 87' lang='lat' dir='ltr'><strong>uitae</strong></span> <span class='ocrx_word' id='word_1_231' title='bbox 1329 4163 1367 4226; x_wconf 91' lang='lat' dir='ltr'><strong>ad</strong></span> 
     </span>
     <span class='ocr_line' id='line_1_28' title="bbox 272 4294 1365 4380; baseline -0.003 -18"><span class='ocrx_word' id='word_1_232' title='bbox 272 4303 362 4363; x_wconf 80' lang='lat' dir='ltr'><strong>uitam</strong></span> <span class='ocrx_word' id='word_1_233' title='bbox 387 4299 432 4377; x_wconf 81' lang='lat'><strong>(2.</strong></span> <span class='ocrx_word' id='word_1_234' title='bbox 454 4299 520 4363; x_wconf 87' lang='lat' dir='ltr'><strong>Cor.</strong></span> <span class='ocrx_word' id='word_1_235' title='bbox 542 4297 571 4379; x_wconf 83' lang='lat'><strong>2,</strong></span> <span class='ocrx_word' id='word_1_236' title='bbox 598 4294 746 4372; x_wconf 50' lang='lat' dir='ltr'><strong>ituit).</strong></span> <span class='ocrx_word' id='word_1_237' title='bbox 787 4299 886 4380; x_wconf 80' lang='lat' dir='ltr'><strong>itque</strong></span> <span class='ocrx_word' id='word_1_238' title='bbox 908 4299 1066 4364; x_wconf 83' lang='lat' dir='ltr'><strong>facinorosi</strong></span> <span class='ocrx_word' id='word_1_239' title='bbox 1087 4300 1146 4380; x_wconf 85' lang='lat' dir='ltr'><strong>tta,</strong></span> <span class='ocrx_word' id='word_1_240' title='bbox 1171 4315 1245 4380; x_wconf 89' lang='lat' dir='ltr'><strong>quos</strong></span> <span class='ocrx_word' id='word_1_241' title='bbox 1266 4298 1365 4362; x_wconf 84' lang='lat' dir='ltr'><strong>iudaei</strong></span> 
     </span>
    </p>
   </div>
   <div class='ocr_carea' id='block_1_3' title="bbox 0 0 1584 5096">
    <p class='ocr_par' dir='ltr' id='par_1_4' title="bbox 0 0 1584 5096">
     <span class='ocr_line' id='line_1_29' title="bbox 0 0 1584 5096; baseline 0 0"><span class='ocrx_word' id='word_1_242' title='bbox 0 0 1584 5096; x_wconf 95' lang='lat' dir='ltr'><strong> </strong></span> 
     </span>
    </p>
   </div>
  </div>
 </body>
</html>
