3156 5096
721 477 770 554 75

190 735 317 792 patum
336 731 531 784 κοινωνιαν,
560 710 590 774 id
613 714 660 773 est
680 708 842 772 secundum
865 712 1012 790 naturam,
1036 723 1112 788 quae
1135 711 1181 772 esi
1203 710 1234 771 lu
1262 723 1296 771 rc

188 847 330 926 infinita,
360 859 463 909 ueram
493 860 562 907 esse
593 842 787 919 intelligimus
816 841 1062 922 quemadmodum
1090 840 1184 921 bane,
1213 839 1295 902 Cbrl·

190 986 265 1041 stus
285 982 418 1043 mortuus
431 981 487 1057 est,
509 975 672 1040 secuudum
685 979 837 1055 naturam,
859 989 937 1054 quae
957 976 989 1036 ln
1011 989 1044 1036 re
1065 972 1199 1038 mortalis
1222 978 1295 1036 erat.

280 1108 377 1183 Quare
413 1106 562 1171 eredimus
597 1099 752 1170 bominum
780 1107 928 1170 christum
955 1111 986 1169 et
1015 1109 1080 1186 ejus
1109 1121 1232 1170 coenum
1262 1112 1293 1168 et

189 1245 373 1320 sanguinem
394 1244 426 1305 in
451 1257 544 1306 coena
564 1241 692 1306 Domini.
708 1243 738 1307 in
760 1203 819 1302 nae
841 1238 1126 1304 communicantibus
1145 1254 1233 1319 nere,
1254 1243 1293 1318 ,ut

191 1378 261 1454 jam
282 1373 509 1454 explicavimus,
531 1372 654 1453 adesse,
677 1371 808 1440 exbiberi
835 1377 866 1435 et
885 1373 1007 1452 percipi.

282 1505 364 1568 ilaue
386 1504 424 1568 cle
445 1521 537 1570 coena
559 1504 675 1574 bomini
695 1505 927 1570 declarationem
948 1519 965 1567 a
988 1503 1176 1568 confessione
1198 1519 1292 1581 augu-

193 1645 288 1702 stana
309 1652 368 1700 nou
389 1637 516 1702 nlicoam
538 1651 606 1702 esse
634 1641 773 1719 potemus
802 1643 833 1700 ct
862 1640 893 1700 lu
922 1625 1049 1701 caeteris
1077 1634 1208 1700 articulis
1237 1649 1293 1698 nos
1321 1662 1325 1668 ·

190 1786 262 1833 eam
284 1769 422 1849 amplecti
443 1770 573 1846 ingenue
593 1771 776 1849 profitemur.
959 1861 961 1866 ,

279 1900 403 1964 oramus
425 1903 516 1978 igitur
538 1902 747 1983 amplitudines
757 1905 883 1982 assuas,
905 1905 950 1981 ui,
973 1899 1030 1964 bac
1045 1902 1198 1981 proposita
1220 1915 1291 1964 con·

140 2067 142 2072 ,
192 2021 344 2112 fossione,
367 2027 444 2112 quon
467 2035 497 2096 in
525 2033 625 2098 iibelio
646 2043 747 2101 nostro
768 2017 902 2115 supplice
923 2033 1062 2113 pellimus
1082 2047 1136 2113 pro
1156 2031 1291 2109 benigni·
1349 2017 1352 2028 ’

191 2169 256 2228 tote
277 2169 378 2226 vestra
400 2163 562 2228 concedere
583 2165 751 2242 dignentur.

227 2343 229 2348 .
276 2297 349 2360 liam
370 2297 616 2377 quemadmodum
637 2315 676 2362 no
697 2299 835 2364 doctores
855 2299 975 2380 quibem
991 2300 1165 2364 Germaniae
1187 2314 1291 2362 omnes

193 2429 252 2494 uno
278 2415 365 2496 modo
395 2413 551 2495 articulum
587 2431 666 2496 buno
700 2393 897 2497 confessionis
920 2437 1106 2509 augustanae
1130 2431 1289 2511 explicant,

196 2531 261 2626 aliis
294 2562 490 2644 ubiquitatem
521 2563 707 2646 urgentibus,
739 2566 805 2629 aliis
826 2570 931 2632 contm
962 2563 1158 2643 negantibus,
1187 2568 1290 2628 mutuo

198 2711 230 2758 sc
250 2697 359 2760 iratres
379 2701 545 2773 agnoscunt
565 2702 598 2762 ct
618 2698 752 2762 fraterne
774 2701 922 2778 tractaut3

214 2885 215 2888 ,
278 2826 326 2892 Sic
347 2845 402 2892 nos
424 2842 544 2894 oramus
572 2829 726 2906 Evangelii
745 2833 907 2909 puritatem
927 2828 1113 2910 prolitentes,
1131 2833 1166 2891 ut
1186 2844 1287 2909 quem·

194 2958 350 3023 admodum
382 2975 437 3025 nos
472 2962 544 3032 ilios,
573 2962 684 3026 iratres
710 2964 900 3040 agnoscimus
921 2961 1045 3026 colimus
1073 2966 1106 3026 et
1133 2977 1188 3040 pro
1215 2963 1288 3040 ipsis

196 3090 318 3154 llomiuo
338 3105 446 3170 preces
473 3091 634 3172 fundimus,
683 3095 743 3158 Nos
766 3110 885 3176 qunque
913 3093 956 3158 ilii
985 3094 1112 3160 cuonem
1140 3095 1291 3158 Christum

85 3306 87 3309 ῃ
193 3223 370 3289 confitentes
406 3230 437 3290 et
464 3230 588 3306 propter
617 3229 801 3308 papismum‚
842 3241 929 3306 quem
957 3227 1014 3308 ipsi
1043 3233 1104 3293 uua
1132 3225 1290 3295 nobiscum

80 3417 81 3420 ,
193 3357 420 3439 abominantur,
447 3360 741 3440 pomposianus,
768 3360 898 3427 fratrum
920 3362 984 3427 loco
1011 3362 1158 3442 babeant,
1185 3362 1289 3439 benig·

65 3493 66 3496 ’
193 3501 289 3566 neque
322 3493 354 3553 iu
385 3493 577 3571 societatem,
605 3495 800 3556 contentiosis
829 3492 1078 3573 (lisputationibus
1103 3495 1289 3558 intermissis

193 3626 244 3682 aut
264 3623 363 3699 potius
384 3623 500 3701 sopitis,
522 3625 672 3702 eueniant
693 3639 750 3704 quo
772 3625 907 3688 alacrius.

344 3755 458 3821 Vestris
480 3757 673 3822 excellentiis.
791 3758 991 3822 Audistissimi
1006 3763 1036 3823 el
1055 3758 1246 3824 devotissimi.

908 3888 947 3970 b
973 3887 1137 3970 bokarmi.

843 4034 989 4118 loannes
1011 4036 1219 4140 Taiinosl).

261 4205 291 4268 ³)
309 4206 1284 4276 idemloaoneoromooaestquiposteaannoiblieuml’etrobatbeno

311 4305 439 4361 ecelesiae
447 4308 604 4372 peregrinae
612 4310 772 4366 reformatae
786 4311 1120 4380 praefuitbeiocioergonsi
1129 4317 1155 4368 et
1169 4328 1227 4372 cum
1242 4329 1286 4370 eo·
