3156 5096
828 431 876 503 26

307 661 452 738 ordnung.
474 661 508 724 ii.
530 678 558 741 p.
582 658 653 726 295.
675 656 754 741 4773
781 657 969 726 sio-3¹8.
998 623 1034 741 p.¹
1050 656 1137 735 did.)
1186 662 1229 725 nt
1263 664 1424 743 quomodo

305 796 416 855 nostris
438 793 542 856 diebus
570 795 646 856 boec
674 809 723 856 res
756 809 790 857 se
816 792 931 857 babett
973 793 1051 857 Proh
1073 792 1172 858 dolor!
1216 795 1423 871 Longissime

306 937 323 984 a
346 925 394 986 ria
416 930 532 1002 patrum
555 925 758 988 oberravimus
788 925 826 989 ad
847 929 1007 989 maximum
1037 933 1118 989 ccrte
1141 927 1298 990 ecclesiae
1324 928 1422 990 detrl·

305 1058 447 1117 mentum.
479 1057 581 1130 (conl.
599 1057 732 1136 Append.
753 1057 815 1130 ii).
858 1058 951 1121 lindie
972 1063 1130 1138 propterea
1152 1059 1301 1122 omnibus
1325 1075 1421 1122 eran·

305 1188 408 1263 geticis
429 1190 460 1251 ln
474 1190 551 1251 rotis
573 1205 640 1251 esse
663 1187 761 1270 debet,
781 1191 894 1251 utinam
917 1188 1042 1252 eeclesia
1061 1205 1211 1268 nunquam
1230 1206 1274 1252 ne
1290 1193 1420 1253 minimo

305 1319 423 1398 quidem
455 1320 550 1396 mado
577 1336 595 1383 a
624 1323 728 1384 stricta
757 1324 805 1384 ria
837 1324 866 1384 in
895 1327 1149 1386 sacmmentorum
1178 1321 1420 1401 dispensatione

305 1450 501 1533 declinasset,
524 1447 674 1532 nunquam
696 1458 728 1515 et
749 1452 852 1515 nullibi
874 1455 1033 1517 criminosa
1054 1456 1247 1518 conniventia
1273 1459 1417 1518 testimo-

304 1586 385 1646 nium
406 1585 553 1663 quoddam
574 1585 707 1648 dedisset
728 1585 916 1648 infidelibus!

386 1717 453 1780 Alia
471 1722 519 1780 est
533 1715 744 1796 uelitzscirii·)
767 1718 903 1796 objectio.
937 1717 1020 1781 »Wir
1036 1718 1180 1798 kdnnten,
1196 1719 1312 1798 inquit,
1336 1718 1415 1782 auch

306 1851 336 1910 in
358 1848 412 1912 der
434 1850 512 1913 That
532 1851 621 1914 keine
642 1850 835 1926 Freudigkeit
856 1850 970 1931 bnbeu,
1000 1851 1047 1913 die
1068 1849 1181 1912 lilnder
1203 1853 1338 1926 gemdss
1362 1851 1415 1913 der

305 1979 525 2057 Aunorierung
546 1981 599 2044 des
623 1983 734 2045 llerrn:
765 1981 889 2046 Webret
909 1984 998 2047 linea
1026 1983 1109 2047 nicht
1130 1982 1249 2059 (llattb.
1279 1976 1331 2064 19,
1358 1978 1412 2060 ii)

305 2127 360 2172 zur
383 2112 477 2176 Tauie
499 2130 536 2176 nu
559 2112 694 2193 bringen,
717 2115 833 2178 woieru
854 2117 910 2176 wir
930 2115 1013 2177 nicht
1033 2114 1099 2177 dem
1121 2117 1151 2176 iu
1173 2113 1226 2176 das
1244 2115 1337 2180 Wort
1358 2131 1411 2191 ge-

303 2241 420 2306 lassien
443 2245 641 2309 Sakramente
671 2246 718 2309 die
749 2247 838 2310 liroft
864 2253 1040 2327 zutrauten,
1069 2250 1100 2309 in
1127 2247 1180 2309 der
1207 2248 1412 2312 lllndesseelc

305 2375 353 2437 dle
374 2377 603 2453 Erscbliessung
625 2379 677 2440 des
699 2381 840 2442 Gemdtbs
867 2379 918 2441 scir
946 2383 1049 2442 seinen
1074 2379 1286 2444 blmmliscben
1310 2382 1411 2443 lnholt

305 2525 344 2570 zu
373 2509 519 2572 miclon«
573 2510 683 2582 Quibus
715 2511 814 2574 verbis
846 2518 932 2575 retus
965 2513 1014 2576 illa
1047 2512 1223 2591 Chemnizil,
1258 2511 1408 2577 Gerhardi

304 2641 487 2722 aliorumque
509 2643 746 2707 lutheranorum
769 2645 902 2710 doctrina
931 2648 1066 2723 exposita
1088 2645 1181 2708 videri
1209 2649 1328 2726 possit,
1359 2661 1406 2707 sc·

404 2949 431 2996 et
455 2947 553 2998 sacris
578 2945 708 3000 omnibus
733 2946 782 2999 tite
806 2944 1004 3010 interdicitur,
1035 2959 1129 3010 nempe
1154 2951 1358 3002 sacramentis
1382 2949 1407 3000 et

385 3045 548 3109 ,precibus
582 3045 638 3110 ‘pilis
664 3045 734 3097 enim
760 3045 921 3109 temporibus
945 3045 1053 3109 jubetur
1079 3047 1111 3100 ab
1129 3046 1242 3100 ecclesio
1267 3047 1406 3102 secedere.

404 3148 425 3199 Α
442 3145 610 3198 concionibus
628 3158 762 3211 nunquam
780 3149 893 3198 arcetur.
926 3146 980 3198 lmn
998 3159 1132 3211 nunqnam
1150 3147 1258 3211 desunt,
1285 3147 1331 3210 qui
1350 3144 1404 3209 pri-

409 3246 490 3297 vatim
508 3250 590 3308 agant
605 3249 631 3297 et
648 3245 680 3297 ad
698 3247 886 3308 poenitentiam
903 3247 1049 3299 hortentur.
1084 3247 1164 3310 Cujus
1188 3245 1211 3297 si
1234 3245 1312 3308 signa
1331 3249 1404 3298 certa

410 3345 524 3409 dederit,
546 3347 617 3409 tum,
634 3349 779 3398 convocata
795 3346 920 3410 ecclesia,
940 3347 1048 3410 jubetur
1065 3348 1167 3410 colpam
1185 3346 1301 3398 criminis
1321 3354 1404 3408 agno·

406 3457 495 3511 scere,
525 3459 556 3498 ao
581 3446 674 3499 deinde
700 3441 832 3500 consensu
860 3447 1002 3499 universae
1028 3447 1155 3500 ecclesiae
1180 3446 1214 3499 nd
1241 3458 1351 3509 precum
1377 3444 1404 3495 et

405 3549 631 3622 sacramentorum
649 3545 859 3597 communionem
877 3545 1031 3598 admittitur.

454 3646 482 3698 ld
500 3649 587 3699 autem
606 3645 639 3697 ad
658 3646 824 3709 disciplinam
846 3645 974 3708 pertinet,
998 3644 1066 3709 quod
1089 3656 1166 3696 nenio
1189 3645 1251 3696 buic
1273 3643 1401 3697 ecclesiae

407 3748 579 3808 accensetur,
602 3745 654 3797 nisi
676 3744 750 3807 prins
771 3743 921 3806 publicam
942 3743 1029 3805 iidem
1052 3744 1087 3796 sit
1109 3744 1258 3806 protessus.
1297 3739 1401 3805 Alioqui

406 3856 459 3896 nou
476 3843 625 3896 admittitur
643 3843 781 3907 quisquam
798 3843 830 3896 ad
848 3843 928 3895 ullius
947 3843 1105 3897 sacramenti
1121 3843 1346 3905 communionem;
1370 3849 1400 3888 ao

406 3956 439 3996 ne
457 3942 605 4006 baptismus
625 3941 728 4006 quidem
747 3943 808 3995 uilis
827 3943 977 4006 confertur,
999 3941 1050 3994 nisi
1068 3946 1207 4005 parentum
1225 3942 1292 3994 alter
1309 3940 1346 3993 ita
1364 3935 1399 3988 sit

406 4043 484 4096 iidem
501 4043 657 4106 protessus:
683 4056 731 4096 nec
749 4043 871 4106 conjugio
889 4042 1065 4106 benedicitur,
1082 4042 1134 4094 nisi
1152 4042 1224 4104 prins
1241 4041 1319 4093 iidem
1338 4046 1398 4100 pro·

406 4143 472 4195 lessi
490 4143 543 4194 sint
560 4142 687 4206 conjuges
706 4142 793 4208 (Comi.
810 4143 916 4194 Richter
933 4140 1102 4194 liincbenord.
1120 4142 1149 4194 ll.
1166 4153 1190 4204 p.
1209 4141 1288 4202 too).

362 4241 391 4302 ²⁸)
409 4243 427 4296 l.
443 4257 465 4296 c.
483 4255 506 4306 p.
522 4245 566 4296 it.
