3156 5096
718 507 739 576 ti

172 730 262 795 tilius
282 731 490 794 essentialibus
510 731 689 810 praeditum.
732 732 893 811 Propterea
916 733 1072 798 Formulae
1095 734 1277 800 concordiae

171 863 212 927 nd
238 865 358 927 minime
386 861 549 930 concedere
581 881 740 943 possumus
777 862 874 944 »quod
903 865 1036 928 Christus
1070 881 1195 945 corpore
1222 883 1276 931 suu

173 1003 325 1074 praesens
345 1011 413 1058 esse
433 998 545 1075 possit,
572 995 740 1075 ubicunque
760 995 901 1076 voluerit,
924 1000 992 1075 quia
1011 999 1092 1076 jann,
1119 1002 1276 1076 postquam

174 1129 211 1189 ln
231 1125 331 1190 coelos
353 1127 497 1207 ascendit,
516 1131 614 1191 omnia
635 1142 740 1190 reuera
760 1125 863 1207 implet
885 1133 915 1191 ct
938 1128 1060 1209 ubique,
1082 1145 1140 1193 non
1160 1133 1276 1190 tantum

175 1255 321 1337 uilicus,
344 1259 555 1321 verumetiam
576 1264 609 1322 ut
630 1257 717 1323 homo
739 1275 882 1338 praesens
904 1255 1140 1336 dominetur.«')
1162 1258 1273 1322 Nihilo·

177 1390 277 1450 miuus
305 1405 364 1452 non
386 1389 497 1469 Spiritu
519 1395 634 1454 tanturn
655 1395 685 1454 lu
705 1392 802 1454 Coena
824 1390 908 1454 adest
931 1390 1076 1471 Christus,
1097 1389 1150 1454 scd
1172 1393 1274 1465 totus,

180 1532 239 1596 quo
260 1519 304 1599 lit,
325 1527 359 1583 ut
387 1537 511 1600 corpore
534 1538 651 1601 quoque
667 1539 720 1586 suo
744 1522 908 1599 glorificato
937 1523 1059 1584 alamur.
1103 1521 1187 1584 (imni
1204 1524 1275 1599 Jure

179 1649 366 1715 Lutlueranos
387 1649 528 1716 admonet
548 1653 711 1717 Zouchius:
738 1652 817 1716 aliud
839 1658 885 1716 est
907 1651 985 1732 quod
1006 1657 1097 1713 totus
1119 1649 1275 1715 Christus

181 1782 223 1844 slt
242 1782 351 1861 ubique
374 1787 404 1845 ct
424 1786 455 1846 ln
476 1783 558 1847 coelo
575 1784 661 1846 simul
684 1786 763 1846 etin
785 1788 877 1860 terra,
899 1782 978 1846 allud
1000 1782 1079 1861 quod
1099 1785 1138 1845 sit
1160 1786 1274 1856 totum,

177 1911 211 1976 ld
226 1917 274 1975 est
288 1910 451 1976 secundum
466 1915 625 1992 utramque
643 1917 791 1993 naturam,
813 1915 842 1974 ln
856 1911 938 1976 coelo
961 1913 1063 1977 itidem
1084 1913 1172 1976 simul
1193 1921 1223 1975 et
1243 1913 1275 1974 lu

180 2047 269 2106 terra.
312 2043 442 2105 Primum
469 2059 571 2106 uerum
600 2047 663 2122 est,
693 2043 820 2115 almum
845 2041 1012 2120 iaisum**)
1073 2043 1166 2116 Quum
1195 2046 1274 2106 enlm

181 2173 316 2236 christus
331 2187 448 2236 omnem
467 2173 577 2236 habeat
594 2179 774 2252 potestatem
794 2177 825 2237 in
848 2175 929 2238 coelo
953 2181 983 2237 et
1004 2178 1035 2237 in
1057 2181 1137 2256 terra
1154 2172 1273 2251 (llatth.

179 2301 237 2384 28,
264 2301 327 2384 18),
348 2321 408 2369 non
429 2304 523 2384 rideo,
546 2303 617 2384 quid
644 2305 787 2385 impedire
816 2309 926 2386 possit,
960 2308 1115 2386 ouourlnus
1138 2305 1276 2367 Salvator

177 2441 280 2501 noster
297 2437 436 2499 virtutem
456 2451 551 2514 suam,
573 2435 741 2515 ubicunque
764 2437 917 2515 placuerit,
939 2440 968 2499 ln
987 2437 1068 2502 coelo
1092 2441 1122 2500 et
1142 2439 1172 2498 in
1192 2441 1274 2499 terra

179 2573 315 2646 exserat,
353 2569 425 2647 quin
447 2584 480 2630 se
509 2575 701 2648 praesentem
725 2569 880 2645 potentta
907 2583 942 2631 ac
969 2568 1095 2628 virtute
1124 2566 1273 2645 exhibent,

179 2701 250 2778 quin
272 2703 352 2762 totus
373 2703 436 2762 suis
457 2714 576 2779 semper
599 2699 676 2763 adsit
696 2705 727 2764 et
748 2703 778 2764 in
800 2703 835 2763 lis
854 2705 943 2763 uiuat.
986 2701 1087 2778 Neque
1108 2697 1208 2760 obstat
1229 2695 1272 2757 lo·

179 2843 281 2892 eorum
311 2829 466 2910 distantia,
503 2847 542 2893 nc
577 2831 614 2894 ad
649 2849 703 2896 uos
740 2849 834 2912 usque
871 2834 1025 2911 perueniat
1047 2833 1144 2894 carnis
1166 2828 1273 2892 Christi

178 2961 272 3022 virtus
293 2976 329 3024 ac
350 2964 490 3024 essentia.
519 2963 592 3026 Nam
613 2970 764 3044 utcunque
785 2980 840 3029 nos
853 2966 884 3026 in
907 2963 964 3025 hac
985 2961 1166 3026 mortalitate
1187 2943 1273 3040 pere'·

178 3093 333 3165 grlnuutes
354 3095 385 3155 ln
406 3092 510 3156 eodem
538 3094 602 3158 loco
630 3097 783 3173 cumipse
806 3110 864 3158 non
890 3093 1067 3157 includimur
1097 3097 1148 3155 aut
1179 3092 1273 3154 contl-

178 3237 297 3303 nentur,
319 3224 405 3286 nullis
427 3230 525 3288 tamen
550 3225 657 3288 linibus
678 3226 805 3288 limitata
825 3230 872 3288 est
895 3228 960 3303 ejus
982 3225 1106 3302 spiritus
1128 3221 1271 3296 efficacia,

179 3355 248 3432 quin
270 3371 338 3417 vere
359 3356 499 3434 copulare
522 3362 551 3419 et
573 3359 602 3419 ln
624 3373 715 3419 unum
736 3357 875 3433 colligere
897 3359 1008 3435 possit,
1041 3369 1118 3432 quae
1140 3353 1269 3415 locorum

227 3607 1268 3672 vammmmmdwmmmfflmffimmm

276 3707 310 3760 de
332 3708 489 3774 ebionitam,
521 3721 599 3774 quarn
623 3709 744 3762 Formula
767 3706 923 3762 concordiae
945 3707 1096 3771 adoptauit.
1117 3711 1144 3759 et
1166 3707 1272 3762 illama
1308 3769 1314 3778 ‚

276 3807 382 3860 Brentlo
399 3808 548 3870 inuentam,
572 3819 649 3872 quant
674 3805 910 3870 Heidelbergenses
934 3809 988 3859 tarn
1011 3806 1125 3859 feliciter
1147 3805 1271 3858 dleulano

275 3907 302 3957 et
324 3905 418 3958 Ursino
445 3905 555 3958 ducibus
587 3903 789 3970 impugnarunt,
821 3905 932 3957 formale
963 3905 1081 3970 tautum,
1117 3917 1171 3957 non
1199 3905 1271 3956 reale

274 4002 416 4056 discrimen
440 4005 490 4055 est.
530 4002 611 4067 Culus
633 4013 698 4056 vero
721 4003 838 4057 theoriae
862 4013 941 4067 ouant
964 4003 1093 4058 incertum
1115 4003 1151 4056 sit
1174 4002 1271 4056 lunda·

274 4103 393 4153 mentum
418 4100 479 4152 uuio
501 4099 659 4166 personalia,
676 4101 843 4154 Lutlneranus
865 4102 923 4166 lpse
938 4102 1093 4155 Thomasius
1111 4102 1196 4154 docet.
1231 4099 1271 4154 Gi.

276 4199 329 4252 lias
347 4197 490 4251 Belrenntn.
508 4197 534 4249 d.
551 4197 616 4250 lutlr.
633 4199 662 4252 ll.
679 4211 704 4262 p.
721 4197 864 4252 210-212.

211 4312 256 4374 *·)
275 4312 381 4366 zanchll
399 4323 460 4375 opp.
478 4313 539 4377 iiii,
558 4325 618 4378 pag.
637 4312 694 4368 585.
709 4314 783 4369 corti.
801 4316 919 4369 damasc.
935 4314 978 4368 lib.
996 4316 1019 4370 3.
1038 4327 1094 4378 cap.
1112 4301 1133 4366 i'.
1152 4317 1211 4378 pag.
1229 4313 1270 4368 70.
