3156 5096
719 497 764 568 21

174 726 324 792 Daher
353 729 392 790 ist
421 727 469 790 die
503 723 682 801 etgentttcne
712 722 847 799 Auigabe
876 721 929 785 des
959 722 1173 786 Saiiramentes
1201 723 1289 787 keine

177 861 323 939 andere,
346 860 390 924 ais
413 859 470 922 den
494 856 643 938 Giauben,
665 873 713 920 wo
737 872 769 918 er
790 855 873 917 nicht
893 855 930 917 da
953 857 1009 934 tsi,
1040 869 1078 916 zu
1098 855 1244 919 trinken«
1258 854 1288 927 *)

180 977 408 1055 Deiitzschiunn
424 985 625 1052 Lutheranum
645 992 767 1066 superat
782 986 991 1066 Schenkeiius‚
1014 1002 1103 1066 quum
1120 987 1169 1050 hic
1189 1001 1289 1049 sacra·

179 1127 290 1186 menti
311 1123 411 1198 finem
434 1138 501 1186 esse
523 1121 602 1184 dicat
622 1119 710 1182 fidem
731 1121 865 1198 operari,
895 1117 973 1197 quud
1001 1118 1051 1180 tile
1072 1134 1131 1182 non
1152 1117 1290 1191 ambigue

182 1252 357 1331 negat.*⁸)
400 1255 432 1316 In
455 1272 489 1318 eu
512 1258 611 1317 autem
634 1254 821 1330 conspirant,
851 1250 929 1329 quud
952 1251 1164 1330 delineamus,
1187 1250 1291 1313 eadent

184 1388 314 1450 ratione
335 1401 394 1465 qua
408 1386 613 1465 subcruentus,
636 1401 675 1448 ex
694 1383 891 1463 possibilitate
910 1383 1101 1460 hypothetica
1123 1382 1291 1447 realitatenr
1350 1413 1351 1416 π

190 1516 363 1581 concludat.
407 1518 476 1590 Quis
497 1535 567 1582 vero
588 1519 737 1580 sustinere
759 1516 849 1579 veliet
869 1515 963 1578 Deum
985 1517 1233 1594 omnipotentem,
1259 1517 1291 1578 iu

191 1651 283 1726 eujus
305 1649 441 1712 manibus
469 1655 589 1715 nostrae
616 1654 687 1712 sunt
714 1651 832 1711 animae
859 1652 894 1710 ut
914 1647 1014 1710 fontes
1043 1662 1207 1726 aquarum,
1235 1663 1291 1711 uns

194 1779 236 1842 ad
258 1796 292 1844 se
315 1785 345 1843 et
366 1781 403 1844 ad
419 1781 569 1844 Christum
587 1797 674 1844 suum
696 1780 753 1843 alio
772 1782 968 1842 instrumento
989 1780 1106 1843 trahere
1127 1795 1187 1844 nnn
1201 1795 1292 1858 pesse

196 1928 286 1992 qnam
307 1912 398 1976 uerba
419 1915 500 1976 suci
542 1912 686 1991 Equidem
711 1927 728 1973 a
751 1911 804 1973 tali
825 1910 947 1973 audacia
971 1916 1085 1973 tautum
1108 1910 1229 1998 absunt,
1258 1916 1291 1972 ut

197 2060 266 2108 cum
298 2045 479 2108 Scheukeiiu
514 2045 649 2123 patribus
689 2043 832 2106 ecclesiae
871 2043 1111 2124 decuianrpadio,
1150 2043 1292 2118 zwiugito

199 2175 325 2255 aliisque
346 2176 579 2256 sustinentibus,
608 2193 664 2239 nus
684 2179 773 2240 etiarn
794 2179 858 2238 sine
882 2181 1005 2239 euterun
1027 2177 1224 2238 instrumento
1245 2178 1291 2238 in·

198 2309 264 2370 ilari
285 2313 316 2374 et
336 2308 374 2370 ad
396 2311 524 2372 salutem
544 2309 665 2389 perduci
691 2325 780 2388 posse
801 2311 913 2388 Spiritu
935 2309 1051 2387 diuino,
1080 2310 1199 2370 minime
1221 2323 1290 2372 con·

198 2439 345 2503 traducere
363 2441 461 2505 uelim.
484 2442 586 2521 Neque
603 2441 711 2505 desunt
727 2441 873 2521 exentpla,
892 2440 998 2520 quibus
1016 2440 1158 2519 probetur
1173 2446 1290 2520 patrem

195 2571 355 2634 coelestem
374 2574 406 2634 in
421 2573 522 2636 liberis
540 2575 740 2653 spiritualibus
759 2575 815 2637 sibi
829 2573 1020 2653 procreandis
1039 2577 1170 2637 externis
1185 2573 1290 2636 mediis

197 2704 259 2766 suis
274 2703 428 2778 alligatum
440 2721 499 2768 uun
515 2722 590 2769 esse.
614 2707 672 2768 Sed
688 2707 744 2770 huc
757 2707 820 2768 luen
837 2723 895 2768 nun
907 2708 1068 2784 quaeritur,
1082 2705 1150 2784 quid
1165 2707 1291 2780 eogitari

195 2837 299 2914 pessit,
320 2835 388 2914 puid
408 2834 486 2898 Deus
504 2844 606 2902 noster
619 2839 720 2902 iacere
738 2841 834 2916 possit
847 2839 894 2900 uei
913 2841 1092 2918 anapaesti,
1113 2840 1181 2918 quia
1200 2837 1237 2900 de
1253 2853 1290 2900 eu

195 2972 311 3030 tautum
332 2971 410 3031 inter
431 2986 485 3032 nus
506 2975 614 3051 agliur,
637 2989 713 3052 quae
734 2975 879 3052 cujusque
901 2975 1017 3048 gratiae
1039 2973 1228 3034 instrumenti
1249 2973 1289 3032 stt

196 3102 328 3178 operatio
349 3116 368 3164 a
387 3100 447 3165 Deo
470 3103 606 3168 ordinata
628 3111 659 3167 et
680 3112 838 3184 propterea
860 3105 1015 3168 ordinaria.
1061 3102 1142 3177 Quod
1162 3103 1289 3180 denique

194 3239 412 3296 sacramentum
433 3235 549 3299 coenae
569 3241 686 3318 attinet,
709 3239 793 3300 multi
813 3241 978 3316 scripturae
999 3236 1055 3300 loct
1074 3234 1190 3314 decent,
1211 3233 1289 3296 huuc

194 3364 293 3428 cibum
315 3366 465 3446 discipulis
493 3370 566 3432 sciis
589 3370 698 3434 Christi
726 3389 793 3434 esse
821 3371 966 3450 dandum,
997 3369 1131 3432 infideles
1158 3383 1228 3430 uere
1257 3370 1288 3429 et

194 3495 364 3574 hypocritas
389 3499 428 3560 ab
459 3500 546 3579 epula
576 3501 673 3567 divino
703 3521 769 3566 esse
798 3503 956 3581 arcendus,
984 3500 1120 3576 indignos
1145 3498 1289 3576 iudicium

194 3630 251 3692 sibi
273 3631 462 3696 manducare.
506 3634 587 3708 Quod
616 3638 642 3697 si
671 3640 774 3712 negari
802 3652 860 3700 nun
882 3640 998 3713 potest,
1021 3648 1087 3695 cunr
1111 3630 1289 3694 Schenkeiin

190 3840 489 3852 ο--.---.....-..4

248 3979 278 4040 *)
296 3983 313 4032 l.
330 3995 353 4035 c.
371 3995 395 4044 p.
414 3983 462 4036 379
476 3986 502 4035 et
515 3983 577 4033 nat:
596 3983 659 4047 „Dte
678 3983 849 4036 sairamente
867 3984 940 4036 seien
957 3984 1025 4036 dazu
1043 3985 1089 4042 da.
1108 3985 1158 4037 den
1170 3985 1285 4036 diauhen

294 4089 328 4132 ttu
344 4079 472 4132 wirken.“

237 4207 284 4268 **)
301 4210 318 4261 i.
336 4223 358 4260 e.
384 4211 475 4273 „Deua
494 4224 565 4264 zwar
582 4212 617 4264 ist
633 4226 662 4266 es
681 4214 768 4276 uvaia,
793 4210 835 4264 die
854 4213 1027 4268 sakratnente
1045 4215 1129 4268 danen
1147 4213 1219 4265 trient
1237 4213 1287 4264 den

224 4315 226 4320 '
296 4309 402 4373 lueri,
421 4310 471 4363 den
490 4311 605 4365 Glauben
624 4324 656 4364 zu
675 4311 801 4365 wiriren.“
1227 4313 1230 4318 '
