3156 5096
833 493 882 563 30

310 724 465 787 couclllum
487 722 687 786 Florentinum
716 719 792 781 stoc
812 724 1024 781 sacramento
1044 719 1187 798 prodesse
1213 738 1271 784 non
1295 723 1403 798 potest.

310 857 441 919 Credunt
462 857 554 931 ignor
574 853 706 932 parvuli,
736 855 804 931 qula
826 867 886 914 non
907 852 976 928 ipsi
994 852 1047 914 sed
1068 852 1131 912 ollt
1149 851 1274 914 crelurnt
1295 856 1352 928 (it,
1376 854 1402 911 el

307 989 381 1051 baec
403 988 493 1067 biles,
525 986 666 1048 facillima
689 985 824 1065 quirlom,
852 1001 913 1047 nou
942 985 1058 1064 obstat,
1087 989 1243 1064 quominus
1272 985 1405 1046 inlemtes

308 1139 346 1184 ex
368 1137 458 1198 opere
480 1123 603 1197 operato
625 1119 722 1180 omnia
744 1117 821 1180 dona
842 1116 940 1179 lirina
962 1120 1124 1198 accipiant,
1146 1119 1252 1197 qulbus
1274 1133 1347 1178 vere
1369 1130 1404 1174 ac

307 1253 474 1317 formaliter
491 1250 715 1329 justificantur!
744 1249 801 1312 Alli
824 1249 910 1312 aliter
932 1249 969 1312 ele
990 1251 1087 1325 gratia
1107 1249 1251 1314 habituali
1271 1248 1403 1328 parrulis

305 1385 486 1465 baptismate
508 1383 614 1445 collata
631 1383 779 1461 sentluut3
802 1384 924 1460 antiqua
939 1384 1017 1445 enlm
1034 1386 1081 1444 est
1097 1385 1309 1459 controversia,
1333 1394 1402 1440 num

305 1517 464 1580 inhaerens
488 1517 584 1591 gratia
606 1517 645 1576 sit
667 1513 786 1576 babitus
809 1514 943 1594 infusus,
974 1530 1012 1577 au
1035 1531 1105 1578 vero
1127 1522 1213 1578 aelus
1234 1514 1403 1578 rirlualiler

304 1655 334 1714 lu
356 1651 507 1729 baptizato
529 1663 702 1725 remanens,
737 1663 775 1709 on
797 1650 926 1726 ipsemet
946 1648 1073 1726 Spiritus
1096 1655 1219 1711 saucius
1249 1651 1300 1727 pul
1322 1645 1401 1708 illius

304 1788 357 1846 aut
378 1788 462 1844 actus
485 1786 537 1843 aut
551 1780 670 1842 habitus
685 1781 766 1841 vices
788 1784 868 1854 agat.
881 1777 912 1856 ⁸)
954 1779 1017 1842 Non
1041 1786 1088 1843 est
1109 1797 1161 1843 cur
1183 1797 1236 1844 uos
1258 1781 1305 1843 rel
1324 1779 1399 1839 lruuc

303 1917 534 1979 eourlrorerslam
559 1912 720 1975 enodemus
742 1911 789 1973 rel
812 1912 921 1973 liutius
947 1915 977 1974 lu
1000 1911 1056 1974 boc
1077 1916 1251 1991 quaestione
1272 1925 1401 1991 perpen-

303 2047 399 2111 denda
421 2051 619 2109 immoremur.
663 2043 801 2116 Quamuis
823 2047 900 2106 enlm
921 2049 1036 2124 variae,
1058 2049 1128 2124 qltlu
1151 2050 1240 2109 elium
1264 2047 1401 2108 clirersae

302 2183 455 2259 opiniones
471 2177 508 2240 dc
530 2179 701 2256 operatione
718 2177 857 2256 baptismi
878 2179 907 2240 in
924 2180 1056 2256 parvulis
1075 2179 1209 2256 prolatae
1226 2182 1296 2256 sini,
1320 2177 1399 2239 nullu

302 2313 366 2376 fere
386 2311 472 2375 uobis
493 2310 611 2389 placere
634 2314 749 2389 potest,
776 2326 865 2387 quum
888 2311 1034 2385 evangelii
1056 2313 1208 2389 principiis
1230 2313 1398 2372 contrariae

301 2445 465 2507 rideantur.
516 2443 588 2504 llam
610 2457 712 2504 onrrres
735 2441 792 2503 bae
813 2444 1023 2520 responsiones
1052 2459 1090 2503 ex
1117 2457 1200 2502 cono
1225 2448 1261 2502 et
1279 2443 1397 2502 illicito

300 2581 406 2640 tlmore
426 2583 515 2638 natae
537 2581 624 2654 sunt,
656 2591 693 2636 ne
714 2575 828 2652 paruuli
850 2577 914 2636 sine
936 2574 994 2636 lille
1020 2577 1179 2636 morientes
1201 2575 1398 2652 damnentur3

300 2728 402 2775 omnes
425 2716 584 2788 propterea
613 2709 783 2771 mechanica
805 2709 933 2787 quadam
960 2711 1076 2770 ratione
1104 2711 1168 2770 enti
1195 2710 1344 2786 spirituali
1367 2710 1397 2768 et

298 2860 391 2918 regno
414 2843 511 2904 lirino
531 2849 716 2920 repugnante
739 2841 869 2903 infantes
891 2841 976 2903 iouis
998 2840 1176 2904 coelestibus
1191 2846 1222 2903 et
1236 2841 1394 2904 liberrimis

298 2975 384 3054 lirlei,
413 2979 477 3053 spei
500 2981 530 3037 et
551 2975 706 3036 charitatis
729 2973 840 3036 donare
862 2973 992 3034 student.
1037 2974 1123 3035 Fides
1146 2973 1220 3037 baec
1245 2975 1391 3038 infantum

299 3115 347 3172 est
367 3109 475 3171 donum
498 3123 579 3169 mere
600 3113 823 3186 portentosum,
845 3105 909 3185 rel,
937 3111 970 3166 ut
992 3105 1154 3168 Bernlrarli
1175 3107 1294 3177 (Sermo
1316 3106 1344 3168 5.
1361 3106 1390 3165 in

298 3243 399 3319 Cant.)
421 3243 520 3306 rerbls
543 3247 627 3321 utar,
650 3259 688 3304 ex
709 3257 783 3320 puro
806 3240 947 3302 miraculo
970 3245 1001 3302 et
1018 3241 1097 3302 nrullo
1118 3242 1314 3302 conscientiae
1334 3237 1385 3296 bu·

296 3392 404 3438 ruanae
427 3391 572 3438 concursu
594 3376 735 3436 nascitur.
779 3373 887 3434 Verum
910 3375 986 3436 enlm
1011 3389 1081 3438 nero
1095 3372 1170 3434 fides
1192 3389 1262 3434 nera
1285 3377 1315 3434 et
1331 3368 1387 3432 sal·

296 3509 380 3572 rilica
403 3524 553 3586 nunquam
575 3507 703 3586 qualitas
727 3523 794 3568 esse
815 3509 915 3583 potest
938 3504 1116 3580 putescens
1138 3521 1172 3568 ac
1194 3505 1315 3582 sopita,
1338 3498 1389 3564 sed

296 3649 349 3704 aut
369 3646 415 3703 est
439 3640 528 3715 oica,
557 3639 684 3713 libero,
716 3639 773 3699 rui
793 3637 927 3698 conecto
949 3639 1036 3697 actio
1059 3641 1095 3697 et
1114 3639 1189 3700 otto,
1203 3638 1334 3696 animae
1355 3636 1388 3693 in

298 3773 467 3837 Christum
490 3769 672 3848 confidens,
694 3775 746 3833 aut
764 3787 823 3833 nou
845 3775 900 3832 est
943 3770 1031 3835 Fides
1049 3771 1190 3833 salutaris
1210 3787 1247 3832 nc
1265 3767 1390 3844 cogitari

349 4112 379 4173 *)
396 4107 502 4175 luonln,
528 4109 671 4161 comment.
693 4109 970 4171 historico-dogmat.
992 4107 1024 4159 tle
1047 4110 1072 4160 S.
1091 4109 1117 4160 S.
1136 4107 1201 4161 diss.
1218 4110 1247 4162 ll.
1267 4121 1310 4173 qu.
1328 4105 1390 4157 lllll.

394 4225 450 4276 cap.
463 4211 487 4264 l.
505 4207 554 4263 a'rt.
567 4213 590 4262 2.
603 4235 636 4245 -
652 4209 739 4262 Petav.
758 4209 797 4261 lll.
814 4210 893 4262 tbcol.
911 4209 997 4271 dogm.
1010 4207 1054 4261 lib.
1066 4208 1107 4260 lll.
1124 4208 1157 4260 tle
1168 4209 1269 4261 lncarn.
1283 4218 1325 4269 qu.
1338 4205 1389 4256 llll.

395 4323 468 4365 num.
484 4314 521 4364 ll.
533 4313 560 4363 et
574 4310 612 4362 12.
626 4311 688 4362 tom.
702 4310 730 4360 ll.
743 4307 788 4361 lib.
800 4308 825 4362 8.
836 4308 868 4362 tle
878 4308 947 4361 irin.
960 4307 1168 4373 scambusque
1181 4318 1229 4370 per
1242 4309 1327 4359 totum
1339 4305 1389 4358 llll.
