3156 5096
826 479 875 552 bi)

299 709 391 785 tgitn
413 723 486 772 usus
506 707 658 784 iegitinrus
679 712 742 788 est,
763 705 818 770 sed
840 707 901 772 bea
923 706 1009 772 ratde
1031 707 1192 789 displicens
1217 710 1327 775 abusus
1348 728 1397 776 sa·

300 843 465 920 crementi,
489 842 515 904 si
536 845 699 920 usurpatur
718 841 784 902 sine
803 855 875 903 rere
896 836 954 902 nne
977 845 1009 903 et
1030 844 1221 906 conversione
1241 841 1279 904 nd
1295 844 1398 908 Deurn

300 973 444 1050 Legitima
479 973 545 1036 usui
578 975 743 1038 contrarius
778 975 937 1052 opponitur
969 973 1084 1039 uerbis:
1120 979 1273 1056 »quisquis
1302 977 1399 1041 ederit

300 1121 408 1185 panem
435 1106 514 1170 hune
543 1112 574 1170 et
601 1105 710 1170 biberit
740 1106 878 1186 pueulunn
910 1106 966 1169 buc
994 1105 1110 1170 bomini
1145 1107 1284 1187 indigne,
1328 1122 1399 1173 reus

300 1242 420 1302 tenetur
448 1239 580 1317 eorporis
603 1242 633 1300 et
660 1240 816 1316 sanguinis
838 1237 966 1300 Christi«
989 1234 1033 1316 (1.
1058 1238 1123 1302 Cur.
1146 1235 1301 1320 11,29.).
1344 1240 1399 1314 bui

300 1370 358 1433 bec
378 1371 493 1434 ratione
514 1385 532 1432 a
554 1368 614 1433 tien
635 1367 795 1450 reprobatu
817 1384 939 1432 euenarn
961 1375 1097 1450 sumunt,
1126 1387 1213 1436 sacra
1235 1370 1398 1438 ebristiann

300 1503 463 1584 profanant
484 1507 515 1567 et
536 1504 646 1566 nuliius
675 1506 721 1569 rei
742 1506 801 1567 nisi
829 1505 982 1580 signorum
1012 1508 1043 1566 et
1067 1503 1172 1582 judieii
1193 1504 1310 1568 bomini
1329 1521 1399 1584 par·

300 1638 406 1716 tieipes
434 1637 520 1700 iiuni.
569 1637 601 1699 Si
632 1640 734 1701 autern
761 1636 905 1716 judicium
932 1636 989 1700 sibi
1012 1637 1104 1700 edunt
1126 1643 1157 1701 et
1184 1637 1306 1716 bibunt,
1336 1655 1396 1704 nun

300 1767 398 1850 rideo,
420 1768 567 1849 quomedo
582 1769 699 1833 Christo
721 1771 810 1850 potiri
827 1772 954 1850 possint.
984 1770 1060 1835 Nihil
1079 1773 1156 1836 eninr
1174 1773 1271 1848 magis
1287 1771 1399 1849 judicio

301 1903 470 1982 uppusitunr
500 1906 563 1981 est,
594 1917 684 1980 quarn
713 1903 810 1977 gratia
839 1900 1053 1984 redemptoris,
1084 1918 1182 1982 neque
1213 1905 1402 1969 manifestior·

302 2034 495 2098 contradictio
522 2036 685 2110 excogitari
712 2038 829 2114 potest,
860 2047 948 2114 quarn
977 2051 1029 2116 ea,
1059 2035 1210 2098 Christum
1229 2038 1260 2100 in
1282 2039 1320 2100 iis
1346 2037 1398 2098 ba·

302 2167 415 2249 bitere,
437 2170 486 2246 put
509 2170 536 2230 ei
560 2171 622 2231 tutu
644 2169 742 2231 aninru
764 2167 970 2230 adversantur.
1014 2167 1164 2232 Haeredes
1180 2168 1233 2232 bei
1256 2169 1403 2234 enrundu

303 2303 391 2366 electi
420 2301 494 2364 nibil
523 2303 660 2380 suarius,
692 2301 766 2366 nihii
795 2300 1039 2380 altiusbabent,
1073 2317 1161 2380 quarn
1190 2304 1298 2380 pignus
1328 2299 1400 2364 titud

303 2438 424 2516 spiritus
451 2437 565 2513 sancti,
594 2451 628 2496 se
658 2451 724 2496 esse
753 2436 785 2497 in
813 2434 930 2498 Christo
959 2437 1029 2514 quia
1053 2435 1189 2500 Christus
1217 2439 1247 2500 in
1277 2439 1312 2500 iis
1342 2441 1399 2500 est

304 2570 471 2650 »Gloriam,
491 2570 589 2649 inquit
609 2567 762 2647 Salvator,
785 2583 875 2648 quam
894 2569 966 2632 mihi
989 2568 1107 2648 dedisti,
1128 2569 1196 2632 dedi
1216 2572 1263 2649 iis,
1283 2575 1316 2630 ut
1336 2571 1400 2632 siut

303 2704 502 2767 consummati
535 2704 678 2765 inunum
701 2707 732 2765 et
761 2706 795 2765 ut
817 2709 978 2778 cognoseat
1004 2703 1150 2782 mundus,
1180 2703 1257 2782 quud
1288 2708 1320 2764 tu
1352 2717 1401 2764 nne

303 2839 420 2901 miseris
449 2842 480 2899 et
510 2853 560 2900 eus
590 2835 696 2912 diligas
724 2840 812 2914 prout
833 2851 881 2897 nre
905 2834 1034 2897 dilexisti
1056 2835 1131 2907 (ida.
1158 2835 1205 2914 17,
1227 2833 1277 2897 22.
1301 2832 1397 2906 23.).«

307 2973 346 3034 nt
366 2973 391 3033 si
410 2974 473 3050 jann
496 2987 547 3034 ure
568 2973 731 3050 percipitur
759 2971 859 3032 etita
886 2970 917 3030 in
944 2969 1049 3047 impius
1078 2969 1187 3046 intrat,
1219 2984 1278 3031 nun
1305 2967 1394 3030 suiunr

306 3105 474 3170 infidelibus
496 3103 592 3181 pluria
612 3103 663 3168 iila
685 3103 786 3182 datur,
817 3117 906 3182 quarn
930 3101 981 3162 Dei
1006 3099 1110 3163 liberis
1132 3116 1287 3164 reservare
1309 3099 1401 3162 soluit

307 3241 459 3319 Christus,
488 3239 541 3302 sed
570 3255 609 3302 ne
630 3240 754 3314 eogitari
777 3237 895 3317 quidem
920 3241 1039 3317 potest,
1069 3233 1215 3313 quurnudu
1243 3232 1341 3296 adhue
1365 3231 1401 3294 de

306 3373 441 3454 reprobis
462 3388 560 3435 sermo
582 3387 649 3434 esse
670 3372 775 3451 possit.
819 3369 851 3432 in
880 3378 1009 3432 mentem
1039 3368 1110 3432 mitri
1131 3370 1254 3430 veniunt
1274 3367 1331 3430 bne
1353 3381 1401 3428 ue·

305 3509 426 3572 ensium
449 3521 526 3586 quae
553 3507 700 3568 maximus
728 3501 1307 3580 111111111111111111111111111
1330 3499 1402 3560 Gar·

307 3639 443 3705 dinerurn
461 3635 762 3720 quendamissripsit:
784 3635 960 3714 »01111111
980 3635 1086 3712 inquit,
1109 3635 1264 3696 nraterianr
1284 3627 1403 3694 errandi

306 3772 488 3854 praebuistis
509 3767 740 3834 adhaerentibus
755 3768 904 3848 biareiuni,
925 3765 1082 3829 Valentino
1099 3725 1254 3840 Eutychen
1278 3763 1402 3826 ceteris·

308 3924 366 3988 que
386 3905 532 3986 pestibus,
556 3907 605 3984 qui
620 3903 768 3966 Christum
788 3917 847 3964 nnn
864 3899 1004 3964 babuisse
1019 3915 1089 3960 uere
1106 3897 1265 3960 humanam
1282 3904 1404 3960 earnem

309 4039 478 4103 niiirrnnnt:
511 4049 579 4100 narn
602 4038 629 4100 si
648 4037 817 4101 substantia
838 4035 972 4113 eurpuris
1001 4035 1065 4111 eJus
1092 4030 1278 4094 invisibiliter
1299 4029 1404 4092 ruiitat

307 4195 363 4258 per
387 4179 543 4239 innumera
570 4173 635 4236 inca
665 4176 696 4234 et
723 4169 810 4234 mado
832 4169 880 4232 hic
901 4169 1005 4247 incipit
1027 4182 1111 4246 esse,
1134 4164 1221 4230 nrudu
1242 4164 1313 4241 iilic,
1336 4160 1404 4239 quis
