3156 5096
843 459 892 532 io

321 687 507 768 iitzsehio‚*)
531 703 627 769 nenne
650 689 790 750 susssneri
813 691 913 766 potest
935 703 972 750 ex
987 691 1214 768 participatione
1235 693 1413 754 sacramenti

320 821 534 902 conjiciendum
571 836 638 883 esse
670 822 905 883 communionem
942 823 1074 900 corporis
1108 823 1215 885 Christi
1250 801 1413 899 mysticam,

321 972 400 1037 quae
418 960 463 1017 cst
482 952 637 1017 invisibilis
654 951 705 1015 Dei
726 951 850 1015 ecclesia
869 967 923 1030 per
937 950 1059 1014 neritum
1078 958 1107 1016 et
1124 957 1260 1033 spirltum
1276 962 1414 1017 sanetum

321 1086 459 1151 emundi
489 1088 573 1149 initio
602 1086 640 1148 ati
661 1085 750 1148 iinom
772 1102 811 1150 ex
831 1087 968 1150 universo
999 1101 1110 1162 genere
1137 1086 1266 1150 humano
1290 1103 1412 1163 congre·

320 1228 392 1297 gata
412 1181 594 1298 tandemnuc
615 1215 800 1281 beatitudine
821 1223 945 1280 aeterna
967 1215 1168 1293 glorificantia.
1212 1217 1341 1282 Verium
1362 1221 1414 1282 liei

319 1358 429 1432 auteur,
451 1356 485 1414 ui
507 1356 554 1414 est
575 1365 666 1413 causa
688 1349 924 1412 instrumentalis
946 1347 1014 1411 flaici
1036 1355 1166 1429 nostrae,
1190 1352 1232 1412 ita
1256 1353 1346 1414 etium
1369 1358 1415 1414 est

319 1484 532 1547 communionis
544 1488 665 1545 nostrae
678 1483 821 1556 mysticae
833 1495 899 1542 cunr
909 1479 1025 1544 christo
1037 1483 1135 1560 capite
1146 1486 1177 1544 et
1186 1489 1343 1561 propterea
1356 1499 1413 1546 non

319 1615 414 1678 soinm
435 1615 541 1678 salutis
564 1577 719 1692 aeternae,
740 1613 794 1676 sed
816 1614 905 1675 etiam
928 1611 1128 1691 certitudinis,
1151 1612 1229 1692 qnod
1250 1615 1342 1674 simus
1362 1613 1414 1676 iiiii

318 1747 371 1810 Dei
395 1759 426 1812 et
454 1747 492 1810 ad
521 1747 599 1809 hunc
620 1744 802 1808 υἱοθεσίαν
824 1748 854 1807 in
876 1744 993 1807 Christo
1022 1743 1118 1806 eiecti.
1163 1745 1259 1808 Caum
1282 1747 1414 1808 ciiieiens

317 1885 449 1958 corporis
477 1883 593 1956 mystici
621 1882 786 1946 salvatoris
812 1881 859 1944 rei
887 1886 1010 1944 sanctae
1039 1882 1184 1944 ecciesiae
1213 1885 1260 1943 est
1287 1880 1414 1958 Spiritus
1457 1933 1462 1944 ,

316 2018 454 2092 sancius,
484 2015 584 2091 quiin
606 2012 776 2076 christianis
798 2013 904 2091 iidem,
934 2013 1062 2076 sulutem
1092 2020 1123 2076 et
1146 2012 1354 2076 certitudinem
1375 2010 1414 2073 rie

316 2153 418 2209 nostra
439 2143 536 2208 sainte
557 2149 707 2225 operatur.
750 2147 821 2208 Sine
841 2144 900 2208 iiie
923 2148 1029 2227 igitur,
1065 2163 1142 2226 qnae
1170 2154 1217 2209 est
1239 2152 1322 2209 cerie
1343 2160 1411 2222 per·

316 2279 425 2356 suasio,
448 2293 465 2338 e
485 2276 575 2341 uerbo
597 2275 650 2338 iiei
671 2283 815 2357 concepta
838 2283 868 2341 et
888 2280 1095 2357 perspiritum
1117 2283 1256 2342 sanctum
1278 2284 1413 2356 onerato,

317 2408 394 2488 nunti
416 2411 510 2470 simus
532 2412 562 2471 in
585 2409 720 2489 Christo,
748 2410 809 2474 iiiio
830 2409 899 2490 liei,
930 2413 1024 2486 gratis
1047 2411 1151 2492 eiecti,
1179 2427 1235 2489 per
1263 2411 1412 2473 Christum

316 2541 428 2603 seruati
455 2547 486 2602 et
515 2556 582 2603 cum
606 2541 730 2604 ecclesia
752 2541 861 2604 christi
891 2541 1075 2618 gioriircnnii
1095 2574 1138 2586 —
1158 2559 1213 2605 nec
1234 2544 1414 2619 somniamus,

315 2689 371 2736 neo
391 2676 551 2754 unitarius,
583 2681 616 2736 ut
645 2674 701 2736 sibi
724 2673 810 2750 tingit
834 2674 1049 2752 Deiitzschius,
1082 2677 1216 2753 quumvis
1239 2672 1412 2753 baptizatus

314 2807 361 2869 rei
385 2821 496 2869 coenae
516 2808 631 2886 socius,
653 2809 769 2885 corpori
791 2810 917 2882 mystico
941 2806 1050 2868 Christi
1072 2808 1163 2869 inseri
1184 2812 1292 2885 potest.

398 2937 558 3000 Praeterea
580 2954 639 3001 non
658 2936 767 3000 iesum
787 2939 872 3000 nobis
891 2940 1009 3016 propria
1031 2943 1151 3000 nostrae
1173 2942 1339 3001 sententiae
1361 2953 1408 3001 ar·

315 3073 465 3144 gumenta.
516 3069 610 3143 Quum
638 3070 695 3134 ime
723 3070 788 3134 loco
817 3070 854 3132 de
883 3070 1032 3133 hominum
1062 3071 1160 3134 sainte
1188 3089 1246 3135 non
1274 3088 1344 3133 uero
1373 3072 1410 3134 de

315 3201 406 3264 rebus
435 3202 620 3264 naturalibus
649 3219 747 3266 sermo
777 3205 833 3281 sit,
864 3209 897 3264 ut
924 3219 1027 3266 omnes
1055 3203 1209 3266 cirristiani
1244 3203 1411 3267 concedant

315 3349 439 3396 necesse
462 3338 518 3412 est,
541 3334 681 3412 Spiritum
704 3341 838 3396 sanetum
861 3350 926 3397 cunr
946 3337 1044 3414 impiis
1066 3336 1177 3398 nulium
1194 3336 1306 3399 habere
1328 3353 1409 3398 cont·
1534 3405 1535 3412 χ

313 3467 466 3528 mercium.
508 3464 632 3527 Mundus
652 3466 788 3542 spiritum
809 3464 966 3529 niinnrino
985 3469 1162 3545 promissum
1180 3483 1236 3530 nee
1254 3469 1408 3544 corronicit,

370 3765 400 3828 ¹⁸)
418 3766 445 3819 L.
464 3780 484 3820 e.
502 3765 611 3818 ³2-3i.
643 3765 726 3828 „wer
742 3775 793 3816 nur
809 3764 902 3818 immor
917 3766 1021 3828 retroit
1042 3767 1078 3822 ist
1100 3769 1152 3821 und
1170 3770 1241 3822 Tineii
1263 3769 1356 3821 nimmi
1372 3781 1408 3820 aa

413 3866 460 3920 des
478 3868 561 3920 iierrn
584 3866 666 3929 Mani,
690 3865 737 3918 tier
758 3865 794 3918 isi
815 3864 859 3917 ein
882 3865 955 3920 tilieti
977 3880 1019 3920 am
1042 3867 1120 3921 Leibe
1138 3869 1243 3922 christi.
1276 3871 1327 3923 iier
1344 3869 1409 3922 Leiir

412 3965 509 4020 christi
528 3966 564 4018 ist
581 3965 622 4020 die
641 3966 829 4021 Gesammtheit
850 3969 916 4021 aller
932 3969 1021 4032 dener,
1040 3971 1090 4050 'iiie
1108 3984 1141 4024 zu
1157 3971 1247 4024 Einem
1265 3971 1343 4024 Leibe
1360 3984 1410 4034 ge·

411 4067 480 4120 inuit
497 4067 550 4136 und
574 4080 607 4119 zn
625 4068 713 4122 Eincm
732 4069 820 4122 (ieisie
844 4071 969 4133 nutriuit
992 4071 1059 4125 sind.
1079 4073 1126 4144 ,iis
1149 4073 1188 4125 sci
1205 4073 1409 4136 iiengstenirerg

411 4167 640 4222 oderwisiicenus
659 4198 691 4208 -
703 4199 735 4208 -
747 4199 780 4209 -
790 4199 824 4210 -
841 4172 883 4224 ein
901 4171 1054 4225 socinianer
1070 4173 1134 4226 oder
1149 4158 1279 4228 [imitarier
1292 4202 1322 4212 -
1335 4173 1409 4226 irruit

413 4271 458 4322 der
475 4272 555 4326 Tauro
572 4273 633 4326 sind
649 4273 688 4326 sie
706 4274 827 4328 aiizumai
844 4275 921 4327 Einer
937 4275 964 4326 in
982 4274 1114 4328 christo.“
1140 4281 1190 4328 etc.
