3156 5096
297 704 521 784 praeterquod
550 705 630 767 aiiud
659 723 714 768 nec
737 707 939 786 quaerendum
967 724 1021 770 nec
1050 710 1250 770 necessarlum
1277 711 1333 788 sit,
1361 708 1390 770 id
1456 781 1458 785 ¹

299 851 417 916 quoque
439 835 631 898 manifestum
653 841 710 914 est,
731 840 846 913 gratiae
868 840 1066 901 instmmento
1081 839 1166 902 nobis
1182 839 1261 901 aiiud
1281 839 1391 902 ionum

297 983 354 1029 nee
384 966 524 1029 exhihere
551 983 606 1028 nec
635 967 794 1041 obsignare
821 985 920 1048 posse.
972 969 1086 1032 Gaudet
1113 973 1205 1046 igitur
1234 975 1390 1050 uirumque

298 1099 425 1162 medium
450 1100 566 1173 gratiae
588 1097 686 1162 divino
706 1101 892 1163 institutione
913 1100 951 1164 ed
973 1117 1041 1163 eum
1063 1100 1169 1180 tinem,
1201 1105 1234 1163 ut
1255 1100 1391 1164 homines

169 1214 171 1218 ’
293 1231 329 1325 in
350 1229 493 1292 sacrificio
516 1228 624 1292 Christi
643 1231 674 1292 in
695 1245 783 1292 cruce
802 1235 924 1312 peracto
955 1235 1097 1310 tanquam
1129 1233 1160 1295 in
1180 1234 1266 1296 unico
1286 1233 1391 1296 salutis

298 1363 419 1423 nostroe
446 1357 639 1424 fundamento
666 1359 882 1424 beatificentur.
935 1362 1061 1442 Propter
1090 1362 1167 1425 hooc
1194 1364 1391 1428 universalem

297 1493 552 1570 convenientiam,
580 1507 658 1571 qnae
685 1493 717 1554 in
746 1494 860 1568 origine
888 1497 920 1556 et
944 1493 1007 1580 tine
1036 1497 1215 1558 sacramenti
1246 1511 1281 1558 ac
1310 1496 1392 1560 verbi

298 1625 397 1704 posita
427 1628 488 1702 est,
516 1625 581 1700 jam
612 1625 642 1686 in
671 1623 773 1686 iimine
802 1623 1015 1703 disquisitione
1047 1629 1170 1689 nostrae
1200 1627 1392 1706 rejiciendum

298 1753 385 1818 nobis
415 1758 462 1816 est
492 1759 693 1818 commentum
720 1754 950 1818 Romanensium
979 1757 1180 1838 odorumque,
1212 1761 1262 1839 qvi
1290 1763 1392 1836 singu·

298 1884 374 1948 ionio
410 1885 555 1964 quosdam
587 1891 839 1950 sacramentorum
872 1887 929 1951 sibi
960 1887 1077 1966 fingunt
1108 1889 1202 1968 dona,
1234 1907 1311 1970 quac
1339 1907 1394 1970 per

299 2016 422 2079 verium
443 2015 507 2078 dari
529 2021 649 2090 negant.
693 2015 769 2078 Nihil
794 2019 872 2080 onim
894 2020 992 2080 verius
1014 2024 1076 2100 est,
1106 2035 1196 2098 qnam
1223 2019 1393 2098 evangelice

301 2149 460 2225 sententia,
481 2146 560 2210 idola
581 2146 637 2208 silvi
658 2146 806 2210 fabricare
828 2165 865 2211 ex
886 2153 1082 2214 sacramentis
1102 2167 1220 2232 omncs,
1243 2155 1293 2232 qai
1315 2152 1395 2214 aliud

301 2283 332 2343 in
354 2281 549 2343 sacramentis
572 2284 735 2358 quaerunt,
758 2295 846 2360 quam
867 2277 945 2358 quod
973 2282 1004 2342 in
1027 2280 1118 2343 verbo
1140 2284 1188 2342 est
1207 2283 1394 2358 promissum.

302 2411 384 2474 Hane
405 2415 560 2473 veritatem
580 2410 708 2490 probare
728 2409 834 2474 studeo
861 2411 920 2489 ita,
950 2415 984 2472 ut
1010 2427 1069 2474 non
1091 2411 1187 2473 solum
1207 2411 1394 2489 praeclarum

301 2543 373 2606 iiiud
395 2543 505 2605 Caivini
519 2539 549 2614 ⁴¹)
572 2541 700 2622 dictum,
732 2543 836 2606 eodem
858 2544 953 2622 gradu
973 2543 1097 2606 iocando
1120 2560 1188 2606 esse
1208 2549 1395 2608 sacramenta

302 2691 359 2755 quo
383 2673 515 2752 verbum,
538 2676 687 2754 evincam,
716 2674 770 2737 sed
792 2677 882 2738 etiam
904 2692 941 2738 cx
962 2678 1110 2738 communi
1131 2679 1285 2757 utriusque
1307 2675 1395 2738 medii

301 2809 417 2882 origine
447 2813 478 2869 et
506 2807 565 2870 dne
593 2807 727 2884 singulas
759 2823 876 2888 qnoque
896 2809 1119 2871 convenientiae
1141 2810 1219 2873 inter
1239 2813 1396 2886 amantque

302 2937 514 3001 intercedentis
534 2943 622 3002 notas
641 2936 812 3017 producam.

403 3086 493 3148 Nemo
526 3089 573 3148 est
601 3087 652 3164 qui
678 3087 774 3165 primo
804 3087 914 3148 intuitu
943 3103 1002 3148 non
1028 3087 1145 3166 videat,
1176 3092 1396 3149 sacramentum

304 3232 371 3279 cum
391 3216 481 3280 veriro
504 3218 535 3278 in
558 3233 593 3279 ea
613 3233 647 3278 re
668 3218 841 3295 convenire,
864 3215 942 3295 quod
962 3232 1017 3295 per
1037 3221 1195 3293 utrumque
1216 3217 1396 3275 instrumen-

193 3371 196 3386 ·
305 3356 368 3411 tum
383 3348 461 3424 Deus
483 3348 635 3421 nobiscum
659 3352 737 3426 agii,
760 3352 791 3410 et
813 3347 891 3426 quod
913 3349 944 3408 in
965 3351 1091 3424 utroque
1109 3344 1243 3406 Christus
1265 3346 1398 3421 inseres

305 3479 489 3558 significatas
511 3480 640 3546 exhibet.
684 3481 749 3558 ipse
777 3481 856 3542 enim
878 3479 1013 3542 dominus
1043 3477 1131 3540 dicit:
1158 3478 1284 3554 occipito
1306 3475 1397 3554 Spiri-

306 3622 369 3676 tnm
394 3617 530 3675 sanctum
553 3598 628 3687 (ioa.
650 3611 700 3688 20,
722 3611 797 3686 27);
821 3613 886 3687 ipse
907 3609 1081 3688 praedicat:
1109 3609 1313 3687 panis,quen1
1343 3622 1400 3681 ego

307 3742 394 3821 dabo,
423 3746 470 3803 est
491 3755 560 3802 caro
588 3755 653 3802 mea
682 3742 753 3814 (ion.
778 3739 814 3820 6,
836 3740 902 3817 51).
952 3740 1085 3804 Eandem
1110 3742 1267 3802 veritatem
1293 3738 1401 3802 docent

309 3923 608 3938 W

361 4056 390 4118 *)
412 4057 475 4108 inst.
492 4055 532 4119 ii,
551 4056 589 4108 ii.
609 4055 647 4108 rt.
681 4056 821 4122 „ialiitum
845 4055 965 4121 quirius
983 4055 1081 4120 aliquid
1105 4066 1152 4119 per
1170 4059 1335 4110 sacramenta
1352 4053 1402 4106 siiri

411 4156 526 4211 conierri
551 4160 639 4222 nutat,
667 4170 743 4222 quam
770 4157 839 4222 quod
863 4157 943 4210 veriro
968 4157 1015 4214 liei
1039 4157 1155 4210 oiriatum
1181 4169 1244 4211 vera
1269 4154 1321 4206 nde
1343 4163 1403 4216 per·

411 4258 499 4322 cipiet.
532 4257 566 4309 ci.
584 4258 623 4310 16.
643 4259 680 4308 17.
