3156 5096
689 443 738 518 Ν

163 689 219 742 neo
240 678 339 756 norit,
363 691 420 738 nee
437 675 547 753 recipit
568 673 643 750 (loa.
669 667 723 752 li,
747 669 812 746 i'l.)
835 676 865 736 el
891 671 970 734 nane
991 667 1029 733 olr
1050 684 1172 732 causano
1193 667 1258 734 1111·

163 809 239 872 dello
259 809 472 890 perspiritum
495 805 571 870 dona
592 807 714 885 spiritus
734 807 871 884 accipere
893 819 952 867 non
975 807 1084 883 potest.

244 965 324 1027 l'um
347 967 396 1043 qul
415 963 522 1026 Christi
539 977 658 1026 onmem
679 959 837 1024 manducat
858 963 888 1023 et
904 962 1080 1036 sanguinem
1104 961 1168 1038 eius
1187 957 1261 1024 ntuli

35 1119 36 1144 1
162 1097 253 1161 nabet
274 1099 368 1159 1111111
390 1100 544 1159 aeternum
574 1101 605 1158 et
634 1099 736 1158 munet
764 1095 795 1158 in
823 1095 942 1159 Cirristo
972 1095 1029 1172 (lo.
1051 1087 1087 1174 d,
1109 1089 1160 1156 51.
1181 1091 1261 1171 56).

162 1230 250 1310 Atqui
266 1227 401 1292 infidelis
415 1244 469 1290 nee
486 1227 578 1290 habet
591 1230 682 1290 uitam
697 1233 867 1306 aeternam,
888 1243 945 1290 nee
961 1229 992 1289 ln
1009 1225 1128 1291 Christo
1149 1233 1260 1290 noaret.

161 1361 232 1424 llam
251 1359 392 1423 lundeies
410 1362 544 1438 quamvls
556 1357 699 1439 baptizati
715 1358 823 1422 Christi
840 1357 1042 1424 membranum
1059 1365 1138 1422 sunt.
1162 1359 1261 1422 inanis

163 1495 241 1570 gitur
251 1497 304 1556 est
317 1492 479 1555 salutarem
497 1493 577 1554 inter
589 1495 619 1555 et
631 1507 690 1554 uon
701 1492 863 1555 salutarent
883 1491 1139 1556 manducationem
1153 1508 1257 1572 corpo·

162 1627 201 1688 rio
220 1632 252 1688 et
262 1628 423 1702 sanguinis
439 1625 548 1688 Christi
561 1624 710 1694 distinctio
720 1623 760 1705 ⁸),
783 1628 850 1705 puta
859 1627 947 1704 iuxta
959 1627 1069 1690 Christi
1082 1627 1262 1689 senientiam

164 1761 256 1823 omnis
279 1758 473 1822 manducatio
493 1760 593 1821 camis
615 1763 646 1820 et
666 1757 770 1820 bibitio
800 1761 954 1834 sanguinis
976 1757 1088 1821 christi
1109 1757 1262 1837 salutaris,

163 1893 240 1957 nulla
268 1907 335 1954 non
357 1891 497 1954 salutaris
519 1894 575 1953 est.
607 1888 639 1952 Sl
660 1905 729 1953 nero
754 1889 900 1970 obiicitur,
927 1889 1017 1953 talem
1041 1889 1262 1954 distinctionem

164 2025 294 2089 ai’auio
319 2023 420 2089 doceri
439 2024 575 2105 apostolo
603 2025 774 2105 optimoque
799 2027 868 2101 jure
896 2039 964 2086 cum
986 2023 1167 2093 Concordiae
1190 2023 1261 2086 ior·

166 2157 240 2221 mula
261 2160 313 2237 (p.
335 2151 423 2230 600.)
448 2157 545 2220 iocum
570 2154 595 2219 1.
618 2155 685 2220 Cor.
709 2153 757 2236 10,
782 2153 834 2221 26.
856 2153 906 2221 27.
929 2159 973 2220 sic
995 2157 1136 2236 explicari
1155 2173 1262 2237 posse:

173 2289 241 2352 »lroo
262 2293 327 2369 est,
352 2291 402 2368 pul
422 2305 530 2368 panem
552 2288 628 2369 edit,
658 2305 766 2368 eorpus
789 2289 898 2352 Cirristl
920 2288 999 2354 edit«
1023 2321 1064 2333 -
1085 2287 1263 2370 simpliciter

174 2421 395 2501 respondemus,
417 2421 476 2484 iilic
498 2424 617 2484 minime
640 2421 699 2500 legi
723 2439 849 2502 eorpus
871 2427 902 2487 et
923 2423 1121 2501 computarem
1142 2423 1261 2506 Christi,

178 2553 227 2616 sed
242 2569 359 2632 punem
380 2560 411 2617 et
429 2555 586 2633 poculum
608 2555 646 2618 ab
669 2552 797 2632 indignis
821 2555 869 2619 edi
892 2561 923 2619 et
945 2557 1005 2618 olli
1029 2555 1066 2617 ad
1085 2556 1239 2633 iudicium.

259 2709 359 2776 iieinde
382 2713 536 2776 institutus
558 2725 606 2776 est
625 2727 699 2775 usus
717 2714 836 2792 quidam
854 2714 1014 2802 legitimus,
1037 2729 1093 2792 quo
1112 2715 1141 2776 ln
1159 2729 1260 2776 sacra·

180 2849 332 2910 mmtomm
352 2846 553 2911 celebratione
575 2849 728 2928 nogiomo,
757 2846 902 2913 beneficia
925 2864 1042 2927 quoque
1064 2849 1172 2911 Christi
1192 2857 1261 2926 per·

175 2978 226 3056 cipi
244 2995 302 3044 non
326 2984 462 3059 possunt.
505 2979 575 3053 Quis
608 2986 707 3043 autem
736 2984 775 3043 sit
796 2983 865 3046 lulis
893 2997 965 3046 usus
986 2981 1151 3063 legitimus,
1175 2981 1262 3046 docet

171 3107 273 3175 Paulus
301 3112 509 3176 exhortatione
537 3112 587 3176 ilia
617 3113 782 3190 apostoliea
818 3115 971 3191 »exploret
1004 3118 1103 3176 autem
1135 3117 1261 3193 quisque

169 3259 199 3306 se
219 3248 320 3325 ipsum
343 3253 373 3309 et
394 3249 437 3309 ita
458 3247 494 3310 de
517 3263 596 3326 pane
617 3247 666 3310 iilo
690 3244 758 3308 edat
781 3252 810 3308 et
827 3245 863 3307 de
878 3246 983 3324 poculo
998 3243 1110 3309 bibat«
1133 3242 1178 3321 (i.
1197 3234 1262 3309 Cor.

166 3375 210 3458 li,
234 3377 318 3458 28.).
361 3379 399 3442 Ut
421 3380 500 3458 digni
530 3383 622 3443 sinrus
651 3381 830 3442 sacramenti
853 3382 951 3454 gratia
972 3376 1178 3456 percipienda,
1209 3393 1260 3439 ex·

159 3511 330 3590 ploratione
351 3527 427 3592 opus
449 3517 511 3593 est,
540 3528 611 3575 num
640 3511 753 3575 idoneis
779 3511 917 3574 instructi
945 3512 1038 3572 simus
1068 3506 1260 3588 qualitatibus

159 3643 353 3723 christianis,
382 3659 454 3706 num
484 3661 520 3708 ea
548 3652 632 3708 nesle
660 3647 753 3708 simus
781 3645 895 3725 ornati,
924 3659 983 3723 qua
1004 3644 1068 3706 sola
1089 3641 1171 3718 digni
1193 3643 1262 3705 tuiis

157 3778 244 3858 epuli
266 3781 407 3843 conuiuae
429 3794 540 3842 suiuus.
583 3777 682 3842 Vestis
705 3786 805 3843 antem
826 3778 898 3842 nihii
921 3783 985 3859 est,
1006 3779 1064 3840 nisi
1086 3774 1262 3840 universalis

155 3925 230 3974 cum
248 3909 370 3976 llomino
388 3915 600 3976 communionis
617 3912 754 3992 conditio,
773 3911 848 3973 lidos
864 3928 930 3974 cum
945 3913 1138 3991 poenitentia.
1161 3908 1263 3971 Nullus

159 4129 468 4142 -un-——n—-a

220 4293 251 4356 ⁶)
267 4297 291 4350 l.
304 4297 332 4349 ll.
348 4295 503 4360 lleidepgeri
519 4298 594 4360 corp.
609 4297 687 4350 llreoi.
703 4296 794 4350 einist.
809 4298 879 4350 lom.
896 4297 924 4350 ll.
940 4295 1030 4360 11111.
1046 4297 1085 4348 ed.
1095 4291 1182 4358 ligur.
1193 4297 1266 4348 1701).

1094 4380 1115 4446 4
