3156 5096
719 527 764 600 tii

174 758 385 836 incepemnt,
406 758 441 816 ui
462 753 682 832 emptionem
705 752 856 818 doctrinae
885 753 923 818 de
943 756 1139 818 sacramentis
1158 752 1196 816 ab
1218 755 1291 833 ipsis

183 889 399 965 commissam,
424 885 476 948 tali
497 886 613 948 ratione
636 887 782 959 tegerent
832 882 905 956 huid
926 887 1005 948 enim
1027 889 1074 947 esi
1094 886 1151 948 nisi
1181 885 1291 948 calum·

184 1023 238 1083 nia
275 1018 466 1094 evangelicae
499 1016 667 1095 doctrinae,
694 1015 773 1095 quod
796 1017 826 1078 in
857 1031 972 1080 maone
1005 1016 1118 1080 dceimn
1150 1018 1292 1080 sessionis

185 1112 353 1230 septimae*
374 1149 493 1213 Conciiii
520 1141 690 1211 Tridentini
710 1147 829 1226 legitur.
852 1145 883 1225 *ι
947 1150 999 1212 Ubi
1034 1165 1163 1229 unquam
1193 1148 1293 1212 docuit

188 1281 321 1346 ecclesia
356 1275 545 1360 evangelica,
577 1285 702 1360 peccata
732 1286 801 1359 post
828 1280 1008 1361 baptismum
1038 1285 1197 1345 commissa
1210 1358 1212 1364 ,
1225 1282 1291 1346 sola

186 1414 399 1477 recordatione
419 1414 552 1491 suscepti
573 1411 712 1492 baptismi
735 1413 865 1478 maiore
914 1415 982 1488 uuis
1004 1420 1139 1478 nostrum
1161 1431 1292 1496 unquam

95 1542 97 1548 '
190 1550 366 1628 epicuream
392 1549 559 1626 opinionem
586 1546 735 1627 detrudit,
763 1549 829 1612 sola
849 1548 1054 1612 recordatione
1082 1547 1222 1628 baptismi
1244 1564 1291 1611 re·

190 1683 273 1744 mliii
297 1685 435 1760 peccata,
468 1684 501 1743 ut
521 1682 704 1760 poenitentia
732 1697 806 1759 opus
828 1698 886 1745 non
915 1683 977 1744 siti
1028 1681 1087 1744 Sed
1115 1697 1173 1745 non
1203 1681 1292 1758 longe

191 1829 391 1894 quaeramus,
421 1829 487 1876 cnm
511 1791 771 1890 chemnitzius**)
797 1815 861 1892 jam
884 1814 1084 1877 Romanenses
1105 1814 1291 1894 refutaverit,

192 1951 244 2028 qui
267 1946 453 2010 hierarchiae
475 1952 590 2009 tantum
614 1951 711 2022 gratia
728 1945 907 2009 horrendum
931 1961 1060 2008 errorem
1075 1961 1160 2007 snum
1183 1961 1291 2021 agnos·

195 2095 264 2142 cere
286 2079 400 2142 nolunt.
444 2079 594 2141 illitamus
614 2082 707 2156 igitur
728 2082 957 2143 controversiam
981 2087 1009 2141 ei
1034 2079 1195 2158 laetemur,
1223 2085 1292 2159 qula

194 2213 226 2274 in
246 2211 395 2290 baptismo
420 2216 597 2291 perpetuum
624 2210 769 2274 habemus
798 2212 927 2288 sigillum
956 2216 1098 2275 aeternae
1126 2213 1292 2276 misericor·

196 2344 261 2408 diae
282 2347 313 2407 in
335 2344 460 2407 christo.
484 2345 588 2424 lapsi,
610 2343 668 2406 lide
689 2360 724 2408 ac
737 2345 921 2423 poenitentia
944 2360 982 2406 err
1003 2342 1095 2406 verbo
1116 2346 1293 2422 provenien·

198 2478 275 2541 tibus
303 2477 402 2558 ducti,
435 2481 662 2557 promissionem
697 2479 837 2560 baptismi
866 2480 1138 2560 apprehendamus,
1171 2495 1294 2542 coenam

199 2607 312 2674 homini
340 2612 541 2688 saepissime
559 2609 622 2691 saa)
658 2614 800 2676 adeamus
836 2617 870 2676 ut
895 2613 1122 2689 mortificemur,
1160 2611 1293 2675 console·

205 2755 282 2821 nur,
301 2742 469 2808 roboremur
490 2751 522 2809 et
541 2747 583 2809 ita
604 2747 635 2809 in
663 2745 726 2808 dies
748 2748 844 2822 magis
873 2748 1028 2824 magisque
1045 2761 1229 2807 crescamus
1261 2746 1291 2806 ln

202 2985 499 2999 -ι-ιι--ι--ι-

262 3176 292 3238 *)
311 3179 357 3244 „Si
381 3179 440 3244 quis
464 3179 571 3243 dixerit,
599 3182 707 3243 peccata
730 3181 832 3245 omnia,
855 3193 921 3244 quae
949 3185 1010 3246 posi
1032 3182 1191 3243 baptismum
1216 3181 1290 3244 nunt,

313 3278 370 3329 sola
387 3278 570 3331 recordatione
587 3278 681 3332 eilde
699 3281 817 3344 suscepti
841 3280 963 3344 baptismi
985 3282 1026 3366 rel
1052 3280 1158 3345 dimitti,
1181 3284 1223 3335 vei
1247 3297 1292 3336 va·

228 3437 231 3442 ,
313 3375 393 3430 nialla
410 3376 481 3440 deri,
500 3389 524 3429 a.
542 3378 586 3431 s.‘'

246 3497 293 3566 l²¹¹¹]
311 3499 427 3553 lixcmen
444 3501 508 3554 con.
525 3501 593 3558 Trid.
611 3502 637 3554 P.
654 3502 684 3555 ii.
701 3500 733 3554 de
751 3499 823 3564 baill·
839 3513 861 3552 ι·
881 3499 921 3552 ¹⁰·

231 3646 296 3709 ***)
313 3651 420 3714 „coam
436 3651 560 3716 nasutis
576 3651 722 3705 mensibus
740 3649 783 3703 uei
798 3651 945 3702 minimum
968 3647 1114 3702 celebretur
1136 3652 1162 3703 et
1180 3651 1290 3716 quisque

314 3760 365 3801 sno
382 3751 440 3803 loco
462 3750 576 3813 laborat,
602 3753 631 3802 ui
652 3750 675 3802 si
698 3749 893 3815 constupratis
915 3749 1065 3803 dominicis
1087 3749 1190 3802 diebus
1211 3753 1291 3804 totus

314 3847 446 3902 Ecclesiae
464 3852 555 3902 cneius
573 3850 746 3901 communicet
760 3877 793 3886 -
809 3849 878 3914 quod
894 3848 1053 3902 insidentium
1071 3849 1167 3901 Christi
1185 3853 1212 3902 et
1229 3861 1290 3900 eon·

313 3948 445 4001 suetudini
462 3949 625 4012 apostolicae
646 3949 761 4001 maxime
785 3952 827 4003 est
848 3949 983 4002 euniorme
1005 3949 1123 4014 adeoque
1147 3947 1291 4012 optandum

314 4073 346 4083 -—
364 4049 458 4100 saitem
475 4048 522 4100 ilat
537 4049 714 4111 saepissime.
732 4050 844 4112 Tempus
860 4061 924 4102 vero
942 4047 1188 4102 communicationis
1206 4048 1290 4111 primo

313 4158 361 4208 pro
379 4151 509 4208 supposta
526 4145 690 4210 significetur
705 4150 731 4199 ei
748 4147 857 4200 accedat
881 4147 924 4210 pia
946 4150 973 4200 ei
994 4149 1078 4200 amica
1100 4148 1232 4200 seniorum
1257 4148 1290 4200 nd

314 4244 415 4296 ricinos
441 4245 588 4297 adhortatio
613 4250 641 4298 ut
666 4258 695 4297 se
719 4247 752 4297 ad
776 4229 984 4298 communionem
1006 4247 1141 4300 Ecclesiae
1163 4249 1292 4310 apresens

315 4345 439 4408 tanquam
457 4345 575 4398 membra
591 4344 711 4408 corporis
729 4343 855 4406 Christi,“
891 4345 988 4408 synod.
1005 4347 1127 4399 herbum.
1145 4347 1189 4410 iil,
1207 4345 1249 4400 t5.
