3156 5096
848 521 897 594 lu

326 768 361 816 ac
381 755 501 832 impium
521 753 703 832 perveniat«
733 751 814 826 Quod
831 752 890 816 alin
907 753 1000 827 igitur
1015 750 1079 815 luno
1094 757 1197 816 contra
1211 749 1375 838 westphali
1386 747 1416 824 *)

326 883 489 948 calumnias
500 899 519 946 a
531 882 650 946 Calvina
662 885 805 962 seriptum
819 888 877 963 est,
889 899 967 946 uerna
978 899 1095 964 qunque
1107 884 1203 947 valet:
1219 884 1418 962 »calumniose

326 1013 489 1078 doctrinam
515 1030 610 1077 meam
633 1017 792 1094 pervertit,
814 1018 840 1077 si
861 1018 968 1094 impius
990 1014 1028 1078 ad
1050 1029 1183 1078 mensam
1205 1015 1338 1094 accedat,
1356 1017 1418 1094 jaun

326 1145 453 1224 amplius
476 1148 614 1208 ablatem
641 1161 701 1208 non
724 1162 792 1208 esse
816 1148 1004 1225 cunjunctam
1025 1149 1136 1226 signis,
1165 1146 1243 1225 pund
1275 1161 1416 1224 nusquam

327 1277 406 1355 apud
427 1293 476 1339 ure
497 1278 670 1355 reperietur.
685 1309 724 1320 —-
744 1277 883 1342 Obtendlt
904 1276 1005 1339 aerbo
1025 1277 1089 1340 lieri
1111 1283 1339 1356 sacramentnm,
1362 1293 1418 1340 nnn

325 1406 395 1484 fide
416 1412 545 1468 nostra.
588 1407 650 1470 llnc
671 1412 704 1470 ut
726 1408 916 1484 concedam,
938 1409 1068 1473 nundum
1088 1415 1187 1473 lamen
1204 1410 1329 1488 obtinet,
1351 1425 1416 1488 pro·

327 1542 440 1604 misene
462 1538 611 1602 Christum
633 1540 756 1604 canibus
779 1545 810 1604 et
831 1543 929 1621 purels
957 1545 998 1604 lta
1027 1544 1164 1619 prostitui
1191 1547 1224 1603 nt
1243 1557 1333 1604 earne
1354 1544 1418 1620 ejus

326 1677 516 1734 vescantur«
565 1670 703 1734 Pluribus
731 1674 866 1753 prnieatu
899 1689 976 1752 opus
1003 1680 1132 1736 nonest
1158 1673 1196 1736 nd
1225 1674 1418 1752 probandum,

327 1806 445 1867 omniun
460 1802 541 1866 nullu
558 1806 611 1864 nili
626 1804 830 1886 fundamenta,
853 1805 931 1884 pund
951 1810 1019 1884 post
1037 1804 1242 1883 Weslpbalunn
1264 1821 1322 1868 nun
1344 1805 1418 1868 llar-

328 1937 482 1998 lensenius
499 1936 580 2000 sulus
599 1935 652 1998 sed
670 1938 816 2002 innumeri
835 1937 1051 2000 calumniarunt
1070 1942 1101 2000 et
1117 1938 1299 1999 calumniam
1312 1935 1418 1998 bulbe-

328 2068 402 2128 raui.
434 2067 525 2144 Cujus
540 2069 649 2130 erroris
665 2073 725 2130 tam
744 2069 804 2131 late
819 2068 933 2147 perlusl
951 2084 1041 2132 eausa
1059 2070 1091 2130 ln
1110 2067 1244 2132 doctrina
1259 2069 1420 2132 reformata

325 2200 451 2276 nepesini
465 2214 524 2260 nou
545 2204 658 2280 posset,
680 2203 737 2262 nlsi
757 2203 846 2264 tertia
864 2203 943 2264 inter
957 2201 1079 2264 verbum
1096 2206 1129 2262 et
1142 2207 1360 2263 sacramentum
1376 2202 1421 2262 ln·

327 2329 484 2393 tercedens
507 2335 722 2413 convenientia,
743 2333 780 2396 de
800 2349 857 2412 qna
871 2335 934 2411 jaun
953 2349 1056 2395 sumus
1070 2333 1258 2412 disputaturi,
1280 2333 1358 2395 male
1376 2335 1421 2393 ln·

328 2461 514 2536 telligeretnr
529 2463 574 2524 rel
594 2467 692 2542 potius
710 2471 932 2544 perverteretur
948 2481 965 2528 a
979 2465 1098 2528 liutheri
1114 2466 1244 2528 asseclis.
1276 2465 1421 2560 bonenrus

328 2595 415 2672 enirn,
438 2599 595 2674 utrumque
617 2600 732 2672 gratiae
755 2600 984 2660 instrumentum
1006 2601 1035 2659 ln
1059 2613 1093 2659 en
1117 2613 1234 2676 qunque
1252 2599 1421 2675 conuenire,

327 2726 405 2804 quod
427 2731 523 2802 gratia
546 2729 653 2792 Christi
680 2732 878 2794 instrumenta
907 2747 962 2792 nec
990 2733 1030 2792 slt
1058 2731 1168 2809 affinn
1196 2747 1250 2793 uae
1280 2729 1420 2790 inclusa.

327 2859 464 2949 Quamvis
483 2877 541 2922 non
559 2877 732 2939 separemus
748 2863 795 2925 vel
813 2863 1017 2940 disjungamus
1035 2880 1083 2924 res
1099 2865 1260 2941 proruissas
1276 2868 1307 2924 et
1319 2865 1420 2938 sigua·

327 2996 375 3050 tas
387 3005 403 3050 a
416 2992 505 3055 verbu
520 2998 551 3054 et
562 2995 666 3074 siguis,
687 2994 927 3070 distinguentium
941 3001 1041 3058 tamen
1057 3001 1134 3057 esta
1150 2993 1240 3057 rebus
1250 2995 1296 3058 rel
1312 2995 1420 3056 auditis

327 3123 374 3184 rel
395 3124 557 3188 visibilibus
576 3125 685 3188 donum
706 3129 804 3206 ipsum
822 3127 962 3207 eoeleste,
985 3128 1063 3206 pund
1085 3135 1179 3189 tntum
1201 3142 1218 3189 a
1240 3130 1346 3204 spiritu
1368 3128 1419 3190 bel

327 3263 440 3319 ruauat.
483 3259 627 3320 cavemus
648 3275 687 3322 ne
707 3261 738 3320 ln
759 3259 919 3322 multorum
941 3265 1001 3322 tam
1016 3264 1149 3322 veterum
1166 3275 1254 3339 quam
1273 3261 1415 3322 reeentiu·

327 3402 393 3449 runr
414 3390 591 3468 scripturum
612 3390 793 3454 abducamus
818 3408 957 3473 errorem,
980 3409 1038 3472 qun
1054 3391 1176 3454 verbum
1196 3391 1272 3469 quud
1291 3392 1419 3468 auditur,

327 3539 422 3602 aqua,
449 3525 534 3601 panis
561 3529 592 3586 et
611 3527 713 3588 riuum
743 3524 849 3604 quibus
880 3527 972 3588 utitur
994 3525 1121 3604 Spiritus
1148 3526 1243 3586 sanati
1266 3527 1345 3586 sices
1367 3538 1418 3598 ge·

327 3663 396 3716 runt
416 3658 468 3734 lla,
488 3662 521 3718 ut
540 3659 656 3730 gratiae
676 3658 773 3720 media
790 3657 865 3735 ipra
879 3672 949 3733 per
966 3673 1005 3720 ae
1023 3659 1136 3732 gratias
1154 3654 1239 3719 nubis
1254 3657 1419 3734 conferunt,

327 3786 574 3865 quemadmodum
596 3792 696 3851 vinum
717 3792 747 3851 ln
769 3795 885 3852 cratere
913 3793 1095 3870 propinatur.
1146 3790 1308 3868 Propterea
1338 3787 1418 3848 omni

325 3918 431 3983 ardore
446 3919 662 4018 sustinendum,
684 3921 797 3985 nullam
816 3923 902 3986 aliam
921 3927 1084 3998 gratiarum
1099 3937 1219 3986 eausam
1238 3920 1420 3984 allicientem

326 4068 392 4114 esse
408 4057 555 4127 praeter
573 4053 732 4130 spiritum
751 4055 824 4117 liei.
861 4055 990 4135 bernuin
1008 4061 1106 4118 autem
1124 4060 1154 4116 et
1171 4015 1419 4116 sacraruentain·

380 4333 409 4396 *)
426 4335 533 4390 baleria.
550 4333 567 4388 l.
586 4345 609 4397 p,
628 4335 668 4389 as.
685 4345 742 4400 sqq.
