3156 5096
825 479 873 558 72

384 707 435 776 52.
455 709 487 772 Si
510 709 577 788 qais
598 704 766 774 sonoritas
785 708 901 786 noeeati
928 705 1039 778 oeeulti
1056 722 1075 772 a
1095 706 1210 774 dnobus
1231 707 1277 774 oei
1301 709 1394 776 tritus

302 842 430 908 testibus
452 856 513 906 non
536 839 599 904 anit
619 841 813 920 resipiscere,
833 837 1005 918 proteratur
1026 838 1064 905 ad
1080 839 1313 918 Presbyterinm.

316 1015 321 1022 -
382 973 434 1040 53.
476 973 509 1038 Si
530 975 597 1054 quis
618 973 804 1042 rontonroir
828 973 944 1051 resonit
969 971 1150 1048 Presbyteri!
1178 974 1394 1038 conmonefac-

300 1109 412 1172 tionem
433 1111 465 1170 et
486 1109 590 1186 aperte
610 1109 641 1168 et
661 1106 794 1180 graviter
813 1108 934 1184 pereat,
961 1119 980 1166 r
1001 1120 1095 1170 toene
1124 1105 1241 1173 lionnini
1269 1121 1394 1186 snspen-

300 1238 396 1304 ontnr.
439 1237 548 1312 Quodsi
569 1240 684 1302 interea
704 1251 765 1302 non
785 1235 847 1300 edit
866 1238 953 1314 aione
973 1239 1214 1319 resipiscentiae,
1236 1245 1396 1320 arsopetnr

299 1372 435 1436 nliinnonn
455 1370 618 1436 remedium
638 1375 760 1449 nneter
788 1368 1087 1438 connonnaotiones
1103 1385 1211 1450 nempe
1233 1373 1393 1452 separatio.

381 1498 432 1568 54
474 1503 566 1569 lieno
589 1507 690 1568 tarnen
711 1505 982 1570 excommunitatar
1002 1503 1068 1568 sine
1088 1518 1238 1568 consensu
1260 1503 1392 1568 Conven-

297 1641 349 1702 tns
369 1637 498 1701 thesin.

380 1764 431 1834 55.
473 1767 601 1832 Pecortr
633 1766 753 1848 paona
788 1767 836 1832 rel
872 1767 1022 1846 publicata
1050 1771 1119 1847 nost
1148 1782 1266 1832 omnem
1294 1766 1393 1830 innan

296 1906 461 1982 inpensam
482 1899 796 1966 eornnnonetaetiooenn
817 1903 971 1980 requirunt
1004 1902 1093 1967 etiann
1113 1897 1261 1978 publicam
1289 1913 1393 1962 reoon-

295 2034 477 2098 eiiintionern
508 2030 672 2097 seeundum
704 2033 904 2108 cognitionem
932 2031 1113 2106 Presbyteri!
1149 2036 1181 2096 et
1215 2047 1394 2096 mosensuna

296 2165 454 2230 eirssrcon
466 2181 501 2230 eo
514 2164 611 2246 modo,
634 2179 691 2244 qno
702 2163 935 2244 nietnreninne
950 2163 1100 2230 Ecclesiae
1112 2163 1390 2232 munitissimum

378 2295 432 2363 58.
472 2298 598 2362 iiinistri
618 2296 718 2378 verbi,
741 2298 881 2362 seniores
903 2302 935 2361 et
956 2293 1094 2376 Draconi,
1116 2301 1275 2376 antequam
1299 2310 1393 2360 onena

295 2430 410 2495 Domini
433 2430 668 2511 administretur,
689 2445 847 2494 censorem
866 2432 945 2496 inter
964 2446 999 2494 se
1022 2434 1184 2497 exerceant
1200 2428 1239 2494 tie
1256 2427 1394 2494 matrina

296 2569 328 2627 et
347 2563 489 2628 moribus.

376 2695 428 2762 60.
470 2697 556 2763 Nulla
577 2697 727 2772 Ecclesia,
746 2696 846 2762 nniios
868 2696 1019 2776 Minister,
1046 2695 1144 2762 ornias
1172 2693 1294 2774 Senior,
1325 2692 1392 2758 noi·

295 2830 344 2894 ios
365 2831 513 2896 Diaconos
531 2830 642 2895 nabent
661 2833 822 2910 pnnntnn
843 2844 934 2910 saper
952 2829 1089 2894 alterum.
1100 2825 1143 2904 *).

364 3133 394 3196 *)
412 3133 525 3187 indiant
541 3133 609 3186 hane
625 3129 835 3186 exhortationem
859 3129 902 3195 qui
920 3129 1020 3183 nostris
1043 3127 1136 3182 tieons
1154 3129 1228 3182 vario
1249 3130 1327 3184 nnete
1343 3141 1393 3182 no·

295 3246 353 3288 rann
371 3233 397 3286 in
415 3232 541 3290 ecclesias
558 3231 726 3296 evangelicas
742 3229 911 3288 introducere
927 3229 1101 3282 nierareiriorn
1119 3232 1259 3283 conantur!
