3156 5096
318 1383 455 1458 Quaestio
483 1381 520 1444 tie
541 1382 764 1444 convenientiae
792 1380 906 1440 ratione
935 1380 1012 1439 iuter
1039 1383 1257 1439 sacramentum
1281 1383 1312 1440 ct

216 1515 340 1577 verbum
362 1515 489 1576 divinum
517 1511 719 1576 intercedente
746 1511 863 1573 videtur
884 1513 1066 1588 pertractata
1095 1515 1184 1588 atque
1205 1510 1312 1588 soluta,

216 1651 243 1709 si
266 1665 303 1708 ex
327 1647 478 1710 doctrinae
502 1645 689 1722 evangelicae
712 1643 844 1708 tontibus
872 1657 1052 1720 proposuero
1076 1647 1106 1704 et
1126 1641 1311 1705 demonstre-

216 1795 298 1858 vero,
320 1776 464 1856 qncmudn
488 1782 519 1838 et
540 1780 570 1838 in
592 1773 748 1838 effectibus
772 1780 802 1838 et
822 1772 1007 1851 inoperandi
1022 1777 1137 1837 ratione
1155 1779 1312 1853 utrumque

217 1913 334 1984 gratiae
355 1913 585 1971 instrumentum
605 1909 654 1972 nei
683 1909 852 1984 conveniat,
880 1905 927 1967 vel
957 1903 1085 1966 differat.
1132 1903 1311 1984 Disputatio·

218 2043 264 2100 nis
287 2042 378 2113 igitur
405 2027 526 2102 nestrae
555 2044 656 2118 partes
684 2044 755 2101 sunt
782 2037 867 2102 duae.
917 2035 1046 2108 Quarum
1076 2038 1157 2114 prior
1184 2039 1247 2112 agit
1274 2033 1311 2098 de

219 2169 439 2248 operationibus
468 2169 549 2230 verbi
578 2175 608 2230 et
635 2171 833 2248 sacranrenti;
864 2171 894 2230 in
915 2169 1010 2231 altera
1033 2167 1237 2232 disserendum
1266 2176 1310 2230 est

218 2300 255 2362 cie
283 2302 414 2376 ratione,
448 2315 507 2377 qua
540 2304 571 2361 et
596 2299 719 2362 verinum
753 2305 784 2362 et
816 2306 1002 2362 sacramenia
1036 2301 1153 2378 operari
1185 2301 1309 2363 suieant.

217 2433 269 2497 iiis
285 2435 342 2495 rite
358 2434 550 2511 pertractatis
571 2431 731 2510 additaque
754 2435 840 2494 unius
861 2432 950 2494 medii
974 2430 1088 2494 divinae
1106 2435 1221 2508 gratiae
1242 2451 1308 2496 cum

217 2566 311 2628 altero
340 2567 559 2643 comparatione
587 2567 737 2642 proposito
766 2569 883 2640 nostro,
913 2563 949 2626 de
976 2581 1033 2643 qno
1060 2581 1151 2643 saepe
1179 2569 1209 2626 in
1238 2581 1307 2629 con·

216 2699 324 2760 trarias
344 2702 447 2777 partes
469 2703 514 2758 est
537 2699 726 2776 disputatum,
749 2714 809 2760 nun
830 2698 924 2794 solum
947 2697 1178 2760 satisfecerimus
1199 2697 1253 2760 sed
1278 2705 1309 2761 et

213 2829 299 2891 simui
322 2829 460 2906 elucebit,
482 2829 627 2907 quomodo
650 2845 717 2892 sese
738 2830 879 2908 adjuvent
894 2830 1059 2892 verbumst
1079 2837 1306 2907 sacramentum,

212 2977 278 3022 cunr
301 2961 464 3037 iungantur
490 2961 587 3025 ufiicin
617 2963 693 3041 quoi
722 2965 758 3023 iis
787 2968 833 3023 est
854 2978 908 3039 per
929 2961 1109 3024 uoluntatem
1133 2959 1185 3023 [tei
1213 2961 1303 3024 bene·

211 3093 316 3156 roiam.

616 3345 822 3410 CAPUT
855 3345 894 3410 1.

332 3493 391 3561 De
417 3492 518 3563 verbi
539 3492 655 3566 dtet'm’
677 3513 713 3568 et
737 3497 959 3570 sacramenti
982 3496 1175 3586 effectibus.

651 3695 730 3704 ..ω-.-Π
738 3699 772 3704 ..,..
780 3698 846 3708 ..q

286 3813 368 3947 Cum
386 3881 454 3956 jure
472 3884 577 3956 negari
598 3899 656 3944 non
677 3887 772 3961 possit
789 3902 843 3964 per
862 3902 967 3947 nonum
989 3885 1041 3949 [ici
1061 3885 1168 3952 roenna
1187 3885 1297 3950 nuiinnr

200 4005 288 4069 altam
312 4009 397 4072 nnius
418 4011 520 4075 offerri
542 4015 669 4087 gretiam
690 4019 811 4091 praeter
830 4013 1000 4078 Christum
1015 4033 1083 4094 pro
1106 4017 1222 4078 mundi
1242 4035 1296 4078 re·

198 4136 367 4200 damtione
387 4140 531 4202 attatum
559 4149 649 4222 atque
677 4145 788 4207 Pauius
815 4148 968 4223 apostulus
996 4146 1165 4210 Christum
1187 4151 1296 4210 cruct-

194 4268 303 4343 tioeum
323 4289 382 4335 nnn
400 4275 430 4335 in
452 4291 510 4338 nno
533 4282 647 4339 tantum
669 4278 732 4341 lucc
755 4282 1032 4344 summum'bonum
1048 4297 1115 4344 esse
1132 4281 1294 4360 praedicet,

1093 4380 1138 4444 1*
