3156 5096
725 471 772 542 23

188 705 319 768 entibus
339 707 369 767 et
390 699 617 766 conniventibus
645 701 681 764 ad
709 701 946 780 profanationem
975 705 1154 766 sacramenti
1175 719 1230 782 per
1250 707 1295 768 in·

188 835 303 898 tideles
323 839 354 897 et
373 835 604 912 impoenitentes
626 835 780 913 convivas,
807 834 883 897 tales
905 835 1096 898 admittentes
1118 838 1294 901 nonninus
1395 881 1397 886 -

188 970 295 1046 puniri
316 983 407 1046 quam
433 970 514 1045 ipsos
542 967 648 1045 impios
670 982 687 1028 a
710 966 933 1030 conniventibus
962 965 1117 1029 admissos.
1160 963 1205 1043 (1.
1228 966 1293 1030 Cor.

192 1099 248 1178 11,
267 1096 319 1162 26.
336 1097 386 1162 28.
401 1097 467 1172 31.)
499 1099 652 1160 Neminem
667 1098 773 1161 deinde
792 1101 956 1177 praeterire
976 1096 1062 1162 decet
1080 1098 1154 1162 haee
1171 1099 1296 1178 apostoli

189 1231 237 1292 ad
261 1231 418 1294 eeclesiam
441 1229 659 1292 Corinthiacum
686 1245 722 1291 ne
748 1234 842 1294 totam
871 1231 1028 1294 ecclesiam
1050 1231 1159 1294 Christi
1184 1233 1296 1310 scripta

194 1362 386 1426 exhortatio:
418 1362 518 1424 »Nunc
538 1367 640 1426 autern
662 1363 769 1440 scripsi
790 1361 890 1454 vohis,
919 1379 958 1426 ne
979 1367 1245 1445 commisceamini,
1266 1363 1297 1426 id

197 1502 266 1574 est,
289 1497 314 1556 si
337 1496 412 1573 quis,
435 1510 523 1574 quum
545 1493 642 1556 111111
663 1496 841 1575 nominetur,
863 1497 903 1557 sit
925 1500 1082 1574 scortator,
1105 1501 1157 1558 aut
1178 1509 1295 1572 avarus,

196 1631 253 1690 ant
272 1627 416 1710 idolatra,
446 1633 500 1690 aut
526 1629 722 1705 conviciator,
751 1631 803 1689 aot
829 1626 980 1706 ebriosus,
1011 1631 1063 1690 aut
1088 1641 1199 1706 rapax,
1227 1641 1296 1688 cum

199 1759 362 1840 ejusmodi,
393 1763 532 1840 inquam,
561 1777 600 1823 ne
622 1758 718 1822 edatis
745 1758 882 1837 quidem«
924 1756 957 1832 (1
982 1759 1046 1824 Cor.
1069 1755 1100 1834 5,
1125 1755 1199 1835 11.).
1242 1758 1296 1820 Col

201 1889 392 1954 admonitioni
404 1892 540 1970 si'addis,
557 1891 634 1970 qood
652 1890 731 1954 idem
745 1892 898 1970 apostolus
913 1891 951 1953 ad
963 1891 1061 1952 Titum
1078 1905 1164 1954 suurn
1179 1889 1294 1969 scribit,

201 2025 429 2100 impoenitentes
450 2039 558 2102 nempe
580 2039 632 2086 eos
656 2039 739 2102 esse,
761 2025 812 2101 qui
836 2022 927 2084 Deum
951 2023 1130 2102 profitentur
1150 2040 1183 2086 se
1207 2025 1294 2102 scire,

205 2155 259 2218 sed
280 2153 369 2216 iactis
390 2160 519 2231 negant,
547 2169 615 2217 oum
637 2157 698 2218 sint
718 2154 906 2219 abominandi
929 2160 960 2218 et
980 2153 1124 2234 rebelles,
1151 2155 1191 2217 nd
1211 2169 1297 2217 omne

201 2289 310 2351 bonum
339 2305 413 2367 opus
441 2288 558 2366 reprobi
585 2286 638 2366 (1,
665 2283 735 2366 16),
766 2303 819 2365 pro
848 2290 929 2349 terto
958 2285 1068 2348 habere
1099 2285 1297 2364 debemusp

199 2419 369 2482 christianis
399 2419 570 2497 apostolicis
601 2434 660 2482 non
682 2437 774 2484 coena
797 2425 911 2483 tantum
938 2419 990 2482 sed
1013 2421 1092 2482 omni
1116 2420 1194 2482 ritae
1216 2436 1295 2484 conr·

198 2553 309 2612 rnereio
323 2550 460 2626 indignos
472 2549 622 2628 judicatos
639 2568 706 2615 esse
721 2551 855 2614 infideles
871 2557 902 2614 et
916 2555 1155 2630 impoenitentes.
1188 2550 1296 2625 Quam·

200 2685 245 2742 uis
266 2684 359 2758 igitur
381 2682 454 2744 lides
476 2683 522 2745 uel
542 2683 680 2747 inchoata
702 2701 739 2745 ex
760 2685 890 2760 indignis
916 2687 978 2762 jam
1003 2685 1108 2759 dignos
1134 2685 1296 2746 11111111-

201 2816 345 2876 crementi
375 2817 511 2876 convivas
541 2821 572 2878 et
601 2822 793 2890 augmentum
822 2815 891 2878 hdei
919 2815 1082 2895 salutisque
1112 2821 1296 2896 accepturos,

199 2952 300 3008 tamen
321 2955 468 3022 negantes
488 2951 701 3026 poeniteutiam
725 2954 755 3011 ct
770 2948 858 3012 fidem
880 2964 939 3012 non
960 2946 1107 3012 hahentes
1123 2949 1169 3010 vel
1191 2964 1295 3027 respo·

201 3085 288 3141 entes
315 3095 353 3142 ne
382 3095 436 3158 pro
469 3081 609 3144 membris
638 3081 758 3160 quidem
788 3081 932 3144 eeclesiae
960 3087 1030 3144 sorni
1059 3081 1188 3144 habendi
1203 3079 1232 3158 *)
1266 3088 1296 3145 et

200 3214 314 3289 majore
332 3215 400 3291 jure
423 3229 441 3276 a
464 3213 563 3276 Coena
582 3219 653 3276 sunt
673 3211 807 3290 arcendi,
830 3229 906 3291 quae
930 3217 977 3274 est
997 3213 1141 3275 ecclesiae
1162 3229 1221 3275 non
1244 3229 1295 3275 au·

202 3349 262 3406 tem
284 3345 384 3406 mundi
406 3345 534 3424 epulum.
577 3346 739 3424 Propterea
761 3344 910 3408 lutherus
934 3345 1108 3420 longissime
1132 3344 1169 3406 ab
1196 3360 1296 3406 errore

204 3474 300 3552 abest,
321 3479 347 3540 si
368 3483 461 3554 negat
477 3487 697 3542 sacramentum
717 3478 912 3542 multitudinis
933 3494 1010 3540 esse.
1054 3477 1150 3539 Coeno
1171 3476 1297 3540 tiliorum

202 3611 288 3686 panis
310 3613 365 3688 est,
387 3613 419 3672 at
433 3608 590 3672 honestum
609 3627 668 3674 non
687 3616 733 3674 est
749 3627 855 3688 panem
874 3609 1001 3672 filiorum
1019 3607 1140 3672 canibus
1158 3606 1295 3684 objicere.

203 3737 322 3810 (llatth.
348 3737 403 3820 15,
427 3737 502 3817 26).
554 3743 690 3805 Salvator
717 3745 782 3823 ipse
804 3743 930 3822 deniqne
954 3742 1104 3806 doetrinae
1135 3743 1299 3804 assentitur

202 3872 348 3934 ecclesiae
370 3876 547 3949 praesertim
568 3875 758 3953 reformatae,
781 3891 891 3940 coenae
911 3880 1129 3939 sacramentum
1151 3889 1209 3938 non
1229 3889 1297 3934 esse

202 4106 504 4119 —nn-——nu-—n—-a-

258 4280 288 4341 *)
311 4282 384 4336 coni.
402 4282 435 4336 de
452 4285 501 4338 hae
516 4296 545 4336 re
562 4282 648 4336 Ursini
665 4283 857 4346 explicationes
877 4285 975 4338 catech.
993 4296 1017 4346 p.
1034 4282 1187 4334 hiis—titi.
