3156 5096
301 707 435 781 spectum
460 704 512 765 liei
541 720 692 782 nunquam
725 707 861 781 uenient,
886 719 1035 782 nunquam
1058 706 1249 782 imputentur.
1293 705 1393 768 Talem

300 835 439 898 ellectum
461 835 568 898 docent
590 851 692 898 omnes
713 836 754 898 illl
777 838 854 896 sacri
875 833 983 896 codicis
998 834 1063 913 loci,
1086 836 1135 913 qui
1158 835 1268 914 volunt,
1292 851 1393 898 omnes

299 970 350 1047 qul
377 967 556 1030 crediderint
581 967 727 1047 baptizari
756 970 786 1028 lu
817 972 1004 1044 peccatorum
1031 967 1246 1028 remissionem.
1289 967 1392 1043 (llere.

300 1094 348 1172 16,
373 1095 420 1160 lb.
461 1095 639 1176 retuso.
675 1097 731 1174 22,
756 1095 815 1165 to.)
865 1099 894 1158 lu
924 1097 1027 1160 eodem
1063 1114 1152 1160 sensu
1190 1098 1391 1176 accipiendum

302 1237 349 1294 est
377 1229 455 1310 quod
484 1229 623 1293 scribitur
651 1230 689 1292 ad
712 1230 903 1293 colossenses
925 1229 977 1309 (2,
1003 1228 1050 1292 tt.
1077 1228 1146 1300 li):
1180 1232 1229 1292 »in
1251 1245 1310 1308 quo
1333 1232 1389 1306 (sc.

296 1361 428 1437 Christo)
446 1365 534 1424 etiem
554 1364 719 1424 circumcisi
739 1365 811 1424 estis
829 1364 1051 1432 circumcisione
1070 1377 1146 1440 quae
1163 1362 1198 1423 tit
1212 1365 1277 1424 sine
1296 1364 1388 1424 marri·

295 1494 367 1572 bus,
401 1495 535 1557 exuendo
563 1511 670 1572 corpus
705 1499 895 1573 peccotomm
925 1495 1022 1556 carnis
1055 1509 1109 1571 per
1136 1467 1390 1556 circumcisionem

295 1626 472 1688 Christiz‘el
495 1625 659 1703 consepulti
681 1642 735 1703 per
756 1626 965 1703 baptismum«
989 1625 1068 1688 idem
1089 1624 1193 1687 laudat
1206 1624 1314 1687 Paulus
1336 1622 1398 1688 do?

293 1774 380 1836 cens,
406 1757 562 1820 ecclesiam
590 1774 657 1822 esse
686 1756 858 1820 mundatum
886 1757 1003 1820 lavaero
1029 1772 1125 1835 aquae
1147 1759 1176 1818 io
1197 1756 1287 1818 uerbo
1309 1757 1386 1818 ultae

293 1906 347 1967 per
368 1904 509 1967 sponsum
532 1889 680 1950 Christum
703 1888 791 1966 (Eph.
810 1887 840 1968 5,
862 1888 944 1968 26.);
968 1889 1044 1950 idem
1066 1888 1173 1952 Petrus
1195 1887 1384 1951 celeberrimo

292 2023 341 2084 illo
355 2021 498 2099 epistolae
515 2023 621 2099 prioris
638 2022 701 2084 loco
719 2021 765 2101 (3,
778 2021 844 2099 21),
860 2001 917 2100 quo
934 2022 1078 2084 salvantis
1095 2020 1233 2099 baptismi
1249 2027 1383 2084 naturam

293 2155 423 2231 exponit,
445 2151 556 2230 dicens,
579 2152 777 2231 »baptismum
800 2167 867 2214 eum
890 2169 944 2216 hos
967 2169 1104 2232 servare,
1127 2168 1185 2231 qim
1207 2169 1265 2214 non
1286 2153 1384 2214 carnis

292 2290 407 2346 tontum
437 2285 540 2348 sordes
574 2285 769 2362 objiciuntur,
798 2285 852 2347 sed
881 2287 931 2364 qul
955 2289 1001 2347 est
1022 2285 1174 2363 stipulatio
1195 2283 1290 2346 bonae
1312 2296 1381 2344 cou-

291 2420 433 2480 scientlee
456 2417 534 2494 opud
555 2416 675 2478 ileum«
720 2417 825 2478 Totam
847 2419 1005 2480 veritatem
1027 2423 1126 2480 tamen
1147 2393 1207 2480 non
1227 2418 1383 2476 assecutus

292 2555 390 2626 esset,
420 2550 468 2625 qui
499 2548 588 2609 alium
620 2547 710 2609 tinem
735 2546 883 2624 baptismo
914 2547 1044 2610 tribuere
1074 2547 1182 2625 nollet,
1220 2547 1278 2606 nisl
1306 2560 1383 2623 eum,

290 2685 324 2741 ut
359 2695 412 2756 per
441 2678 601 2742 mundandi
630 2679 827 2758 abluendique
855 2679 1075 2742 similitudinem
1103 2678 1250 2742 absolutio
1277 2693 1383 2755 pecca·

290 2818 389 2874 torum
411 2827 464 2888 per
486 2813 688 2889 aspersionem
709 2814 863 2886 sanguinis
886 2811 993 2874 Christi
1015 2810 1199 2886 obsignetur.
1242 2813 1305 2876 Non
1329 2816 1383 2876 ml·

289 2946 369 3006 noris
393 2945 471 3006 enim
490 2946 631 3005 momenti
652 2949 700 3004 est
718 2943 794 3005 alter
810 2943 936 3021 fructus,
958 2959 1046 3021 quem
1063 2950 1220 3021 propterea
1237 2943 1384 3023 baptismo

290 3077 420 3138 tribuere
435 3074 586 3155 debemus,
608 3075 685 3153 quod
701 3091 806 3138 noram
826 3073 954 3137 fidelium
971 3077 1002 3136 ln
1017 3075 1133 3136 Christo
1152 3078 1242 3137 vitam
1265 3091 1383 3155 reprae-

288 3215 388 3270 sentat
411 3215 441 3269 et
461 3209 624 3270 confirmat.
669 3208 706 3268 Ut
727 3205 830 3269 hdeles
851 3208 881 3268 ln
902 3213 1027 3269 mortem
1043 3207 1160 3283 Christi,
1182 3209 1212 3268 in
1234 3210 1383 3269 remissio·

288 3359 356 3403 nem
385 3347 587 3418 peccatorum,
618 3338 760 3416 baptizoti
781 3345 867 3416 suut,
896 3341 937 3400 itu
966 3339 1191 3404 resurrectionis
1214 3353 1330 3417 quinque
1354 3344 1384 3399 et

287 3474 400 3548 gloriae
422 3473 583 3536 saltatoris
604 3474 764 3550 participes
793 3471 886 3548 burri,
918 3477 951 3532 ut
979 3473 1009 3532 io
1037 3486 1111 3533 nora
1141 3470 1292 3533 ambulent
1313 3473 1384 3536 uita.

288 3605 340 3678 Qut
355 3608 384 3666 in
402 3605 551 3666 Christum
568 3603 774 3681 meduntam
791 3603 884 3665 solum
901 3603 1030 3664 fructum
1047 3605 1243 3666 immersionis
1259 3607 1290 3664 in
1305 3619 1383 3666 mor·

288 3746 348 3799 tem
369 3737 574 3814 redemptoris,
597 3736 819 3797 inremissibile
842 3741 1029 3812 peccatorum
1054 3741 1085 3797 ct
1106 3737 1203 3796 curnis
1225 3734 1383 3798 mortifica·

288 3872 378 3946 tione,
402 3867 455 3930 sed
477 3885 512 3930 eo
533 3872 597 3946 ipso
617 3874 687 3931 actu
708 3869 797 3929 etiam
821 3869 1045 3930 resurrectionis
1063 3869 1121 3928 vim
1143 3869 1173 3928 in
1190 3866 1384 3929 vivificatione

290 4003 417 4080 Spiritus
436 4003 610 4077 percipiunt.
655 3999 744 4076 Cujus
761 3998 911 4062 doetrinae
924 3999 1073 4061 luculenta
1089 4001 1119 4061 ln
1135 4013 1221 4062 sacra
1236 4002 1383 4077 scriptum

291 4138 478 4213 ruperiturtnr
500 4135 678 4197 testimonio.
723 4133 794 4194 Nam
819 4149 871 4211 per
887 4132 1025 4210 baptismi
1042 4138 1261 4214 sacramentum
1278 4131 1386 4204 mortui

293 4283 395 4329 suillus
428 4272 571 4344 peccalo,
604 4272 636 4326 ut
680 4267 809 4340 iustitiae
852 4268 982 4326 litamus
1014 4264 1091 4338 (Cot
1125 4262 1165 4341 2,
1198 4262 1267 4340 12),
1303 4263 1384 4324 exul·
