3156 5096
764 508 805 576 15

233 739 439 816 emendasset,
461 736 508 798 bis
529 735 628 798 uerbis
651 735 808 811 exprimit:
826 696 926 796 'sbioo
948 735 1040 809 igitur
1060 733 1148 812 piune
1170 742 1200 798 et
1222 735 1328 798 timuis·

234 874 309 933 simu
329 869 404 948 iiie,
426 882 614 947 nequaquam
635 867 724 928 inune
745 865 947 944 spectaculum
969 881 1037 927 esse
1058 881 1181 928 coenam
1203 865 1329 945 bomini,

234 1001 287 1063 sed
309 1017 381 1064 vere
402 1000 479 1062 bano
509 1000 688 1062 suntionem
719 1013 786 1058 esse
807 999 1009 1060 testimonium
1039 1002 1069 1060 et
1099 1000 1223 1076 pignus,
1252 996 1329 1076 quod

233 1132 311 1195 iliius
334 1131 387 1194 bei
404 1131 544 1194 Dominus
564 1135 668 1194 noster
683 1130 765 1191 lesus
782 1128 917 1190 Christus
930 1131 971 1190 sit
990 1132 1020 1190 iu
1034 1127 1230 1191 sumentibus.
1271 1129 1331 1192 Nec

232 1269 349 1326 tuntum
371 1261 457 1325 uuest
484 1263 514 1324 in
536 1260 588 1324 iiiu
609 1262 776 1338 suntiono,
805 1259 858 1321 sed
887 1258 1003 1321 bubitnt
1031 1261 1120 1321 iniis
1144 1261 1231 1336 iuxta
1255 1259 1331 1322 baeu

233 1395 313 1458 uicta
333 1395 374 1458 io.
396 1389 453 1457 14:
482 1395 512 1455 iu
535 1393 584 1454 ilio
615 1391 662 1454 tito
684 1393 871 1467 cognoscetis
892 1405 961 1469 vos,
995 1391 1072 1470 quod
1101 1407 1156 1466 ego
1184 1393 1214 1452 in
1242 1397 1328 1469 putre

232 1541 300 1588 meo
322 1540 389 1588 sum
411 1529 441 1586 et
462 1540 514 1589 vos
535 1526 565 1585 in
586 1539 634 1585 me
655 1525 729 1584 estis
752 1526 782 1584 et
802 1535 858 1597 ego
881 1523 910 1582 in
925 1517 1017 1584 uobis.
1039 1521 1132 1584 item:
1155 1519 1207 1594 Qui
1228 1527 1331 1584 munet

230 1659 260 1718 iu
289 1673 337 1718 mu
367 1663 397 1717 et
427 1671 482 1730 ego
515 1657 546 1717 in
576 1672 621 1719 eo.
666 1655 729 1722 Nec,
747 1656 791 1715 ita
818 1655 955 1716 institutu
977 1657 1024 1716 est
1053 1653 1265 1732 nosocomo,
1293 1658 1332 1714 ut

230 1791 361 1847 tantum
383 1786 484 1848 uotum
503 1787 621 1862 ebioni
640 1785 797 1846 momenti
811 1785 1048 1862 praesentiam
1069 1785 1245 1865 sionificet
1267 1784 1332 1847 sed

229 1922 270 1978 ut
296 1920 346 1980 sit
366 1917 494 1996 plynos
522 1915 685 1979 assiduae
700 1917 923 1994 praesentiae
946 1921 982 1977 et
1001 1893 1176 1995 efficaciae
1198 1918 1232 1977 tn
1254 1932 1329 1977 ore·

231 2047 398 2109 dentibus.
421 2049 517 2121 Quum
531 2047 723 2112 statuendum
738 2053 794 2128 est,
817 2051 847 2112 in
864 2051 1012 2112 sumtionu
1026 2066 1096 2112 vere
1119 2054 1149 2111 et
1165 2048 1329 2111 substanti·

231 2179 320 2242 ubter
348 2179 455 2243 obesse
482 2177 574 2242 filium
597 2180 649 2242 Dei
670 2185 702 2242 et
723 2180 801 2243 bunc
822 2184 1001 2243 sumtionem
1030 2181 1231 2243 testimonium
1261 2195 1330 2241 esse

229 2309 370 2372 assiduae
400 2313 591 2389 praesentiae
620 2317 651 2373 et
680 2311 835 2375 efficaciae
865 2314 895 2374 in
926 2291 1123 2374 cuedeutibus.
1166 2311 1247 2372 Haeo
1280 2312 1330 2389 qui

227 2444 362 2518 cogitant
383 2439 420 2504 de
439 2448 585 2522 perpetuu
604 2445 785 2523 praesentia,
805 2445 901 2520 magis
921 2441 1110 2507 laetabuntur
1130 2458 1185 2505 usu
1209 2443 1332 2505 coenuei

229 2571 347 2635 bomini
375 2577 406 2636 et
432 2574 663 2638 consolationem
691 2591 729 2639 ex
757 2592 793 2639 ea
821 2579 964 2654 majorem
983 2578 1157 2657 percipient.
1200 2573 1329 2637 Tantum

231 2708 333 2765 uutem
353 2703 485 2782 loquitur
506 2705 646 2768 Dominus
675 2707 713 2769 de
737 2710 901 2784 sumtione,
929 2723 989 2770 non
1014 2707 1051 2769 de
1079 2705 1146 2768 uiiis
1176 2704 1266 2766 rebus
1297 2709 1329 2767 et

230 2834 397 2896 notionibus
424 2840 509 2899 exim
545 2840 732 2900 sumtionem.
783 2840 826 2901 Ae
855 2836 1068 2917 deplorantium
1097 2841 1159 2914 est,
1189 2835 1328 2914 Papistus

230 2967 348 3026 tuntum
368 2965 467 3028 disere
482 2966 518 3029 de
540 2971 711 3046 praesentia
733 2972 763 3031 in
781 2985 859 3048 pune
882 2973 912 3032 et
930 2984 1052 3048 prorsus
1074 2973 1173 3030 meere
1189 2966 1225 3028 de
1241 2981 1328 3046 prue·
1417 3016 1423 3026 .

230 3095 328 3158 sentio
349 3095 469 3162 assiduo
490 3100 521 3160 in
541 3099 761 3162 credentibus·
775 3097 805 3173 *)

330 3225 412 3300 Quae
432 3243 522 3307 quum
543 3231 586 3292 itu
606 3233 678 3310 sint,
700 3234 828 3296 maximo
851 3231 987 3312 proiecto
1003 3236 1048 3294 est
1069 3233 1148 3293 inter
1168 3234 1327 3308 utrumque

232 3360 347 3431 gratiae
366 3359 595 3424 instrumentum
617 3365 833 3427 conuenientia.
876 3363 983 3427 Omnes
1015 3367 1147 3442 gratioe,
1175 3375 1250 3440 quus
1279 3377 1326 3424 re-

331 3709 357 3759 et
374 3710 429 3760 toto
447 3709 527 3762 eorde
545 3710 744 3766 assentiendum
762 3717 803 3767 est
815 3714 929 3770 Ebrurdo
948 3713 1060 3768 dicenti:
1082 3715 1145 3780 „biit
1162 3715 1209 3766 der
1220 3714 1326 3767 Seelen-

331 3807 469 3871 enbebung
491 3810 581 3862 ist-
610 3824 661 3864 nun
691 3813 733 3866 die
757 3814 906 3878 subjektive
933 3815 1081 3878 stimmung
1106 3815 1153 3868 des
1179 3815 1327 3867 communi·

331 3910 425 3959 conten
441 3910 570 3974 gemeiut,
596 3913 823 3977 scnieunteroings
841 3928 892 3968 nur
909 3915 972 3980 dus,
990 3917 1052 3969 dass
1069 3929 1099 3970 er
1115 3917 1246 3969 Christum
1265 3925 1326 3967 vom

331 4005 441 4060 iiimmel
462 4009 545 4062 bemb
568 4012 622 4064 unt
644 4012 717 4066 niobt
738 4026 798 4067 vom
825 4015 930 4069 Brode
953 4021 1083 4070 enwnrten
1106 4017 1185 4070 soll.“
1220 4019 1326 4083 (boum.

330 4117 356 4158 v.
372 4107 487 4172 beiiigen
506 4111 666 4166 ibendmubi
682 4113 712 4166 11.
728 4127 745 4178 p
772 4116 846 4177 562.)

283 4213 316 4294 1),
335 4219 434 4282 Exulis.
457 4224 501 4278 ult.
523 4230 592 4290 port.
617 4229 707 4291 symb.
729 4229 783 4283 Nic.
800 4257 833 4267 —
859 4231 957 4284 conier
978 4231 1073 4285 etium:
1103 4231 1182 4296 Galle,
1209 4233 1326 4285 versucb

331 4317 405 4371 einen
422 4320 542 4378 cbunubt.
559 4328 695 4381 bieluncbt.
713 4341 738 4392 o.
755 4329 814 4384 417.
