3156 5096
209 753 425 818 strumentaies
442 758 558 816 tantuna
573 767 684 816 ouusae
700 756 780 831 sont,
801 749 910 831 putus
923 749 1004 814 linus
1023 753 1211 831 operationes
1231 767 1302 814 suas

211 888 335 948 minime
361 887 505 961 resignat.
557 885 619 948 iios
650 885 738 950 morto
768 883 897 948 neniam
929 886 1008 960 inter
1038 883 1241 947 Ramnenses
1271 885 1303 944 et

210 1016 398 1080 Lutirernnos
416 1022 552 1079 tenemus
569 1019 648 1078 riam
665 1019 809 1080 veritatis
846 1015 1006 1089 Quominus
1022 1018 1162 1079 rirtmern
1180 1017 1303 1092 spiritus

209 1151 310 1213 saneti
339 1154 371 1210 et
398 1147 475 1212 dona
503 1147 647 1212 eoelestia
678 1149 833 1214 elementis
862 1165 917 1211 seu
944 1147 1073 1210 vasculis
1102 1160 1138 1208 ao
1165 1143 1304 1208 claustris

211 1280 327 1342 ineiusn
339 1286 489 1358 putemus,
505 1279 626 1344 obstant
640 1297 744 1344 saone
762 1284 937 1361 scripturae,
955 1295 1032 1359 pune
1047 1283 1180 1343 nostrum
1195 1276 1303 1341 doetri-

211 1429 282 1474 nam
302 1412 480 1474 firmissimis
507 1412 662 1476 stabiliunt
689 1412 865 1477 retionrirus.
912 1411 1106 1488 Evangelium
1137 1411 1216 1472 eninr
1243 1423 1303 1471 non

211 1544 300 1606 utinm
321 1546 416 1621 riam,
439 1559 499 1622 qua
520 1543 558 1605 nd
579 1559 634 1606 nos
654 1548 829 1623 perveniant
847 1544 924 1608 donn
939 1544 1057 1622 Christi,
1079 1542 1180 1620 docet,
1213 1554 1303 1618 quam

210 1691 322 1737 areana
342 1677 465 1754 spiritus
484 1679 580 1739 saneti
601 1675 745 1742 efficacia.
788 1675 961 1755 Quicunque
977 1673 1063 1738 ironis
1082 1673 1204 1740 aratro
1227 1670 1305 1734 datis

213 1806 340 1886 fruitur,
361 1808 388 1868 is
408 1808 513 1884 spiritu
534 1813 639 1871 saneto
656 1809 855 1888 locupletatus
877 1813 932 1871 est
976 1808 1104 1885 Spiritus
1126 1809 1173 1868 est
1196 1805 1245 1883 qui
1267 1801 1305 1866 de

212 1938 331 2002 cnrrsto
354 1938 532 2001 testificatur
553 1939 598 2016 (i.
620 1940 660 2003 io.
682 1937 713 2020 5,
734 1941 763 2004 7.
785 1937 852 2019 8.),
881 1941 932 2020 qui
959 1953 1012 2002 nos
1041 1937 1079 2000 ori
1106 1935 1305 2000 obedientiam

212 2071 322 2132 Christi
340 2076 371 2133 et
387 2071 425 2133 uri
444 2073 645 2150 aspersionem
662 2074 815 2146 sanguinis
834 2072 999 2134 salvatoris
1016 2069 1151 2148 perducit
1170 2066 1303 2145 (i.Petr.

215 2202 244 2281 1,
266 2203 316 2281 2),
344 2219 399 2283 per
421 2219 509 2282 quern
531 2203 627 2266 solum
650 2202 798 2265 Christum
818 2203 976 2266 Dominum
996 2208 1129 2265 nostrum
1151 2201 1304 2262 nominare

212 2352 371 2416 possumus
397 2334 442 2412 (i.
464 2336 528 2398 Cor.
555 2335 608 2414 12,
629 2335 686 2412 3.).
744 2335 802 2398 Per
829 2338 965 2415 spiritum
996 2339 1131 2396 sonetum
1160 2331 1305 2393 habemus
1435 2359 1437 2364 .

213 2468 411 2547 ablutionem,
437 2467 681 2544 iustificationem
711 2473 742 2531 et
770 2467 1050 2545 sanctificationem,
1079 2481 1156 2545 quae
1184 2466 1255 2525 suut
1274 2463 1305 2524 in

217 2599 338 2662 Domino
375 2601 440 2662 iesu
472 2600 591 2663 Christo
620 2598 664 2673 (1.
689 2600 752 2662 Cor.
777 2597 812 2678 s,
836 2598 910 2675 11.).
961 2599 1032 2661 Sine
1064 2599 1170 2675 spiritu
1201 2597 1305 2656 sancto

220 2732 326 2794 Christi
344 2748 411 2795 esse
440 2748 498 2794 non
526 2748 683 2810 possumus
710 2745 977 2809 permanemusque
1004 2731 1035 2789 in
1063 2741 1152 2789 earne
1179 2725 1304 2802 peccati.

217 2863 313 2938 (Rom.
335 2861 371 2943 8,
393 2862 440 2937 9.)
489 2862 720 2942 Quentncunque
752 2863 792 2924 sit
820 2860 903 2923 verbi
933 2861 1089 2922 ministerii
1120 2857 1305 2936 praestantia

215 3006 247 3057 et
267 2999 377 3076 rirtus,
408 2997 536 3075 Spiritus
564 3001 686 3060 sanetus
706 3000 807 3058 tamen
829 2999 876 3056 est
896 2995 1031 3056 internus
1059 2991 1162 3055 doctor
1190 2990 1306 3052 animae

215 3135 352 3208 nostrae,
373 3130 424 3207 qui
445 3126 535 3190 cordo
556 3126 709 3202 evangelio
730 3126 867 3204 adaperit
886 3124 967 3200 (Aet.
981 3120 1029 3203 16,
1048 3118 1121 3202 it),
1143 3124 1194 3200 put
1215 3122 1306 3183 etiam

212 3260 298 3323 Pauli
319 3260 445 3339 apostoli
465 3258 677 3337 praedicationi
699 3259 757 3320 rim
780 3257 848 3336 dat,
878 3271 945 3316 eum
975 3269 1071 3332 neque
1098 3254 1234 3315 minister
1255 3255 1306 3332 qui

209 3394 331 3472 piantot
353 3395 393 3454 sit
414 3392 535 3471 aliquid,
558 3407 654 3469 neque
677 3393 726 3470 qui
748 3392 836 3468 riget,
857 3387 1005 3450 sentiens
1023 3385 1306 3465 quiioterescenrii

210 3529 273 3587 rim
297 3524 342 3599 (1.
365 3525 430 3588 Cor.
453 3523 483 3602 3,
504 3522 624 3600 5-7).
674 3523 737 3585 Non
767 3521 823 3584 alio
845 3517 931 3582 modo
958 3519 1108 3596 novimus,
1136 3518 1166 3579 in
1190 3515 1306 3578 christo

211 3675 271 3720 nos
301 3674 421 3720 minnere
449 3661 479 3718 et
506 3657 653 3718 Christum
680 3657 711 3716 in
738 3653 823 3717 nobis
852 3667 941 3730 quam
966 3651 1078 3728 Sptottu
1105 3653 1226 3727 saneto,
1257 3650 1308 3728 qui

209 3792 355 3852 unionem
375 3796 507 3853 nostram
530 3791 685 3864 mysticam
708 3803 774 3850 cum
788 3787 916 3864 glorioso
939 3783 1082 3846 ecciesiae
1104 3782 1201 3860 capite
1217 3795 1306 3858 copu-

208 3924 294 3985 latur
315 3921 360 3998 (i.
382 3923 422 3985 lo.
444 3920 482 4001 3,
504 3915 554 3984 24.
587 3916 625 4000 4,
648 3919 723 3995 13.)
774 3919 902 3998 Spiritus
932 3920 994 3996 est,
1023 3917 1074 3994 qui
1094 3917 1163 3990 igue
1185 3911 1325 3975 coelesti·

210 4066 270 4118 mos
290 4054 422 4134 baptizat
443 4051 561 4127 (Mattio.
583 4051 618 4131 3,
643 4049 674 4114 11
682 4098 688 4112 .
720 4052 761 4113 lo.
784 4049 821 4130 3,
843 4047 899 4122 5.).
942 4049 1015 4110 Cum
1043 4047 1153 4108 Paulus
1181 4045 1308 4122 denique

210 4187 253 4250 ari
282 4186 450 4249 Coriutlrios
484 4187 594 4249 scribat
627 4183 671 4259 (1.
694 4186 747 4263 Ep.
773 4183 827 4264 12,
852 4179 931 4254 13.);
973 4183 1102 4243 »etenim
1133 4175 1187 4256 per
1218 4192 1307 4238 unum

212 4321 358 4396 Spiritum
381 4337 434 4383 nos
457 4336 559 4384 omnes
579 4321 609 4382 iu
630 4334 721 4381 uuum
742 4331 849 4396 corpus
867 4314 1010 4394 baptizati
1032 4325 1134 4392 sumus
1156 4315 1187 4372 et
1204 4307 1306 4386 judaei
