3156 5096
682 476 729 548 57

148 733 217 778 cum
241 713 398 778 salvatore
422 707 635 772 crucifixerunt
668 709 699 772 et
726 693 851 787 quorum
879 723 957 772 unus
977 707 1124 770 Christum
1154 703 1277 770 conii-⁴

148 847 299 926 elabatur,
321 845 399 910 aiter
413 847 535 922 proptor
555 840 644 906 idem
665 841 696 904 in
709 839 864 914 Dominum
886 839 1057 918 paradisum
1079 841 1252 904 intravit-

149 980 341 1046 iaculantum
370 980 440 1040 sunt
469 975 694 1053 documentum,
723 973 845 1036 verinum
875 973 979 1042 eodem
1008 976 1126 1038 omniuo
1144 953 1252 1054 morio,

149 1129 209 1191 pou
232 1114 456 1174 sacramentum
477 1109 614 1186 operari,
635 1121 733 1185 neque
755 1105 883 1173 salutem
904 1109 935 1170 in
957 1123 992 1172 eo
1013 1107 1159 1174 inclusam
1181 1123 1251 1172 con·

98 1266 100 1268 ·
150 1241 296 1318 lineri.*)
339 1241 412 1305 Post
432 1243 530 1305 omnia
552 1241 645 1314 igitur
665 1253 742 1317 pune
765 1238 913 1341 disputata
930 1245 1009 1320 suut,
1029 1239 1120 1306 facite
1140 1244 1250 1306 verita·

151 1381 216 1439 tem
239 1374 314 1438 ‹iiutt
339 1372 419 1436 iilius
439 1374 597 1450 Augustini
610 1369 655 1448 ”)
677 1371 885 1452 intelligimus,
912 1389 970 1452 quo
1000 1376 1077 1436 sicut
1107 1377 1253 1452 evangeiii

152 1507 282 1570 verbum
304 1508 346 1568 ita
363 1521 480 1584 quoque
499 1509 717 1568 sooramemum
737 1505 877 1584 baptismi
899 1509 930 1568 et
950 1522 1061 1571 coenae
1077 1508 1254 1588 quibusdam

21 1615 22 1642 ἲ
152 1658 222 1706 csse
251 1639 333 1704 dicat
361 1638 482 1704 odorem
513 1641 595 1703 mine
622 1638 660 1702 avi
688 1641 796 1718 vitam,
829 1638 1006 1719 quibusoam
1035 1656 1103 1705 vero
1133 1641 1253 1706 odorem

151 1775 263 1838 mortis
285 1770 323 1834 avi
343 1775 479 1838 mortem.
520 1769 631 1836 moen
646 1771 773 1850 denique
794 1775 960 1848 sagacitate
975 1772 1053 1836 hauc
1068 1779 1250 1853 postremam

154 1905 396 1971 convenientiam
416 1919 434 1966 a
453 1903 538 1970 nobis
564 1906 643 1968 inter
664 1903 787 1968 verbum
815 1909 845 1968 et
867 1909 1086 1971 sacromentum
1107 1909 1253 1968 statutam

155 2037 313 2116 perspexit
332 2038 556 2116 enuntiavitpue
572 2037 736 2100 suevorum
752 2037 957 2117 syngramma,
980 2039 1144 2108 aLuthero
1165 2041 1255 2102 etiam

158 2169 427 2249 communionum,
443 2168 542 2234 veritis
565 2169 684 2250 quidem
712 2175 799 2235 utens
828 2169 927 2233 hisee:
957 2172 1020 2232 »sic
1049 2173 1127 2234 enirn
1156 2175 1255 2236 omnia

159 2301 190 2364 iu
210 2300 310 2366 Coena
337 2306 371 2366 ut
400 2304 523 2382 inipso
552 2302 644 2367 verbu
673 2302 843 2382 quaerenda
865 2309 945 2366 sunt.
988 2301 1098 2366 Eadem
1126 2317 1255 2382 nomque

162 2435 281 2514 ratione,
305 2450 364 2515 pua
385 2435 470 2500 uoltis
489 2451 596 2514 corpus
610 2438 640 2498 in
657 2436 765 2515 Coena,
788 2439 831 2500 ita
847 2451 964 2516 puopue
982 2436 1102 2501 tonavit
1119 2435 1254 2500 Christus

165 2567 254 2628 totum
276 2567 461 2644 evangelium
482 2583 540 2648 quo
563 2569 648 2634 uobis
672 2586 730 2634 non
751 2570 846 2638 solum
862 2572 1032 2648 praesentio
1054 2569 1129 2632 liunt
1147 2586 1254 2646 corpus

174 2696 203 2753 ot
221 2700 336 2772 sanguis
355 2700 475 2780 christi,
497 2700 551 2762 sevi
573 2705 636 2764 toto
660 2699 712 2768 oei
734 2701 876 2779 potentio,
900 2703 981 2766 totus
1003 2699 1083 2768 Deus
1104 2715 1169 2762 cum
1191 2714 1253 2762 our·

169 2823 253 2890 uitus
274 2827 354 2894 iouis
375 2834 469 2896 suin«

241 2985 315 3050 Nihil
337 2995 486 3070 superest,
507 3005 596 3069 quam
618 2996 651 3052 ut
669 2991 705 3052 ie
725 2989 876 3053 differenti
894 2989 1050 3068 loquamur
1080 2987 1167 3053 movio
1196 3003 1253 3068 puo

161 3115 280 3183 verbum
299 3125 330 3183 et
343 3125 561 3184 sacramentum
577 3127 748 3199 operantur.
771 3121 928 3182 Maximam
943 3121 1078 3199 proiecto
1093 3137 1160 3182 esse
1179 3123 1252 3182 utri·

159 3265 255 3331 usque
276 3255 467 3317 instrumenti
491 3256 605 3331 gratiae
626 3256 861 3318 convenientiam
884 3251 1082 3333 probavimus,
1106 3251 1160 3314 sevi
1178 3254 1254 3314 ratio

157 3383 269 3459 agendi
293 3401 352 3449 nou
375 3404 413 3450 ex
433 3387 570 3451 omnibus
591 3385 726 3467 portibus
748 3385 853 3448 eadum
875 3391 922 3448 est
943 3389 1071 3464 utrique.
1115 3387 1254 3460 Augusti-

91 3573 93 3575 .
154 3567 458 3582 W

216 3708 250 3771 *)
272 3710 443 3764 schenieiius
461 3710 492 3776 (Ι.
509 3707 546 3770 e.)
564 3707 719 3771 zuinglium
736 3706 831 3762 alicubi
848 3705 971 3762 docuisse
988 3705 1127 3768 stnsonet,
1146 3704 1255 3760 verinum

262 3809 378 3862 divinum
396 3809 569 3874 omnipotenti
591 3808 669 3862 modo
691 3807 824 3862 efficacem
846 3820 907 3862 esse
931 3805 1054 3874 (obstruite
1072 3805 1256 3872 montuosum

263 3907 343 3974 turp).
360 3909 509 3972 perlegenti
526 3911 612 3960 autem
631 3909 722 3960 totum
739 3919 755 3960 a
772 3907 927 3962 Schenkelio
945 3907 1052 3966 citatum
1071 3907 1159 3960 iocum
1178 3905 1255 3971 (tipp.

261 4007 279 4062 1.
297 4019 323 4072 p.
340 4007 386 4068 65)
405 4008 542 4073 apparebit
565 4021 580 4060 a
598 4006 723 4068 zwinpiio
741 4005 806 4058 nihii
822 4006 894 4058 aliud
912 4005 1015 4069 doceri,
1040 4019 1117 4070 ouum
1136 4003 1255 4068 proposi-

259 4109 314 4160 tum
342 4109 388 4162 liei
417 4109 521 4162 irritum
544 4107 618 4161 reuoi
640 4118 693 4158 non
712 4118 800 4172 posse,
838 4103 895 4173 (ti.
917 4104 952 4160 i).
972 4105 1034 4170 itui.
1058 4108 1082 4158 i.
1104 4103 1206 4167 punivit.
1227 4102 1256 4164 n,

258 4219 285 4270 p.
303 4207 375 4266 386.)

189 4303 244 4368 ¹⁸³)
261 4308 308 4362 io.
324 4309 443 4371 vuigoni.
461 4309 552 4364 Donat.
571 4307 640 4362 inira
658 4316 712 4370 cop.
730 4306 754 4360 8.

1057 4387 1076 4492 f?
