3156 5096
730 438 754 508 7

188 685 262 734 runs
295 672 431 730 veterem
471 666 620 732 huminem
656 673 690 731 et
721 683 896 730 renovamur
922 668 996 740 (Tit.
1025 667 1061 748 3,
1089 665 1135 744 5).
1184 668 1287 731 Tatius

187 805 295 862 autem
324 797 360 859 de
408 797 555 878 baptisma
585 798 737 863 doctrinae
767 799 850 865 uelut
878 798 1022 878 indicem,
1057 815 1203 862 summam
1230 797 1288 862 καὶ

191 923 326 994 urbanum
367 946 434 994 esse
462 938 533 1010 nuta
562 931 658 995 locum
688 931 771 994 illum
803 931 960 994 classicum
992 931 1135 1010 epistulae
1164 930 1202 994 ad
1229 931 1288 995 llo·

193 1077 302 1124 manas
351 1057 403 1142 (6,
420 1059 544 1142 3-5),
584 1065 634 1142 qui
681 1061 800 1126 disertis
837 1064 935 1125 uerbis
976 1062 1082 1142 daaet,
1122 1062 1289 1141 baptlnatns

195 1209 252 1258 naa
274 1210 342 1256 essa
369 1196 400 1255 in
429 1195 766 1274 adrumentinam,
796 1197 882 1260 sicuti
903 1197 1063 1262 suscitatus
1086 1199 1133 1256 est
1154 1193 1289 1257 Christus

197 1343 237 1388 ex
274 1327 398 1390 mortuis
432 1327 463 1386 in
498 1327 621 1402 gloriam
651 1325 766 1406 Patris,
816 1327 859 1389 ita
896 1331 927 1390 et
954 1341 1010 1388 nas
1044 1327 1074 1386 la
1108 1340 1185 1388 naua
1227 1326 1289 1386 rita

198 1456 393 1520 ambulemus.
446 1457 518 1518 Nam
549 1460 575 1524 st
602 1472 669 1519 eum
702 1473 736 1520 aa
766 1455 892 1536 plantati
924 1455 1086 1520 coaluimus
1120 1455 1288 1518 assimilati·

197 1605 255 1652 ane
274 1591 378 1652 martis
392 1590 467 1667 ejus,
485 1591 621 1652 nimirum
639 1591 727 1654 etiam
746 1591 973 1656 resurrectionis
993 1587 1206 1652 assimilatione
1221 1603 1288 1651 eum

197 1736 233 1785 ea
254 1721 465 1784 coalescemus.

295 1853 356 1915 lam
379 1852 513 1918 Christus
535 1868 592 1917 nan
620 1853 715 1917 salum
743 1856 853 1922 initii
887 1853 1053 1931 adoptianis
1082 1857 1113 1914 et
1141 1853 1288 1915 renovati·

197 1988 263 2049 ants
285 1985 450 2060 symbulum
478 1990 509 2047 et
535 1986 662 2065 slulllum
691 1985 776 2047 nobis
806 1987 939 2064 porrigit.
982 1985 1055 2048 Nam
1088 1988 1121 2046 ut
1142 1982 1238 2046 banus
1258 1986 1289 2044 et

199 2115 296 2178 fidelis
317 2116 532 2195 paterfamilias
560 2123 621 2196 est,
649 2120 691 2180 ita
719 2134 821 2181 omnes
847 2122 950 2197 partes
979 2115 1068 2178 divini
1090 2117 1220 2178 nruneris
1243 2116 1290 2176 sui

198 2247 310 2325 implet.
353 2248 385 2310 ln
406 2248 550 2312 familiam
569 2263 662 2314 suam-
674 2254 811 2329 receptns
833 2249 962 2330 quotidie
978 2249 1122 2312 sollicitus
1141 2253 1187 2309 est
1208 2246 1290 2308 alere

196 2386 229 2442 et
253 2395 307 2457 per
328 2385 422 2442 tatum
451 2381 529 2440 uitae
558 2395 675 2443 cursum
696 2383 783 2444 tueri.
826 2380 917 2454 Quam
947 2380 984 2442 ab
1013 2393 1134 2442 causam
1164 2378 1290 2441 alterum

197 2512 370 2584 mysterium
383 2507 434 2588 *),
469 2525 573 2573 sacrae
604 2511 718 2576 Caenus
758 2519 997 2591 sacramentum,
1036 2511 1178 2574 ecclesiae
1217 2524 1290 2572 suaa

198 2642 279 2705 dedit
302 2642 464 2705 secundum
494 2657 634 2736 maantam
659 2645 890 2708 misericordiam
920 2659 1014 2708 suam.
1057 2644 1124 2722 lpse
1144 2645 1222 2705 anim
1244 2645 1291 2703 est

198 2774 266 2836 lans
294 2776 373 2837 ultae
406 2777 565 2853 perennis,
594 2790 670 2854 aqua
697 2780 779 2856 uiua,
802 2781 832 2839 et
859 2777 993 2856 quisquis
1017 2791 1054 2836 ex
1088 2775 1139 2836 illa
1170 2772 1290 2853 atterit,

196 2921 256 2969 nou
276 2907 359 2968 sitiet
385 2908 416 2966 ln
445 2911 598 2968 aeternum
626 2906 680 2980 (la.
700 2902 746 2980 4).
791 2907 925 2970 Christus
955 2907 1112 2970 crucilixus
1146 2922 1200 2984 pro
1228 2907 1289 2970 rita

198 3035 299 3098 muudi
329 3043 376 3100 est
407 3040 492 3115 panis
519 3039 597 3100 ritae
631 3053 724 3102 navae
752 3045 783 3102 et
811 3045 960 3102 aeternae.
1011 3041 1043 3102 Si
1072 3043 1137 3119 quis
1168 3056 1205 3102 er
1233 3040 1288 3102 lrac

196 3182 273 3244 pane
295 3167 406 3245 ederit,
428 3172 508 3232 vivet
532 3186 587 3248 per
613 3171 705 3232 uitam
733 3172 840 3234 Christi
870 3171 925 3249 (la.
946 3168 990 3247 6).
1035 3171 1099 3233 ilua
1128 3178 1229 3233 autem
1257 3173 1289 3234 ln

196 3300 298 3376 primis
318 3291 389 3362 srint
409 3299 496 3379 dona,
518 3301 624 3380 quidus
646 3305 677 3364 ln
699 3305 781 3381 epula
803 3303 949 3382 spirituali
969 3304 1149 3366 sacramenti
1172 3302 1287 3364 Cannae

197 3432 355 3510 pascimur,
383 3437 417 3493 ut
438 3434 468 3495 ln
489 3432 637 3512 baptisma
659 3449 776 3513 quaque
797 3435 870 3496 duas
891 3435 1067 3513 praesertim
1103 3431 1288 3494 laudavimus

196 3565 319 3638 gratias.
352 3562 441 3627 Panis
460 3568 492 3627 et
506 3567 615 3642 uinum,
639 3569 671 3630 ut
686 3566 772 3640 signa
789 3570 861 3628 sunt
873 3568 1008 3644 sejuncta
1029 3580 1065 3627 ac
1075 3567 1162 3643 juxta
1179 3566 1288 3644 posita,

196 3697 371 3770 sanguinem
402 3699 452 3774 qul
480 3713 496 3758 e
525 3712 648 3774 corpore
676 3698 829 3777 produxit,
863 3698 1010 3760 Christum
1034 3703 1182 3794 mortuum
1202 3698 1287 3762 nobis

196 3835 437 3906 repraesentant,
460 3836 489 3890 et
511 3828 566 3890 hue
588 3828 673 3892 mata
692 3832 723 3892 in
745 3829 842 3894 Caena
865 3831 1054 3897 vescentibus
1076 3831 1216 3904 emilam
1231 3831 1286 3894 Dn-

196 4027 494 4040 m*-

246 4159 274 4219 '¹)
298 4161 339 4214 ci.
363 4172 428 4224 quae
451 4163 566 4215 llatheus
593 4165 667 4217 daate
693 4168 719 4217 et
740 4171 816 4218 acute
842 4168 874 4219 de
899 4143 1072 4223 sacramentis
1098 4170 1126 4218 ut
1152 4165 1285 4228 mysteriis

294 4251 448 4304 christianis
465 4256 574 4318 exnunit
589 4255 615 4307 ln
633 4256 711 4310 titre:
738 4258 927 4321 insulanisalre
945 4259 1021 4312 litlrllr
1036 4259 1073 4322 ll,
1091 4269 1116 4319 n.
1133 4255 1284 4310 tat-tta.
